





<!DOCTYPE html>
<html lang="en">
  <head>
    <meta charset="utf-8">
  <link rel="dns-prefetch" href="https://assets-cdn.github.com">
  <link rel="dns-prefetch" href="https://avatars0.githubusercontent.com">
  <link rel="dns-prefetch" href="https://avatars1.githubusercontent.com">
  <link rel="dns-prefetch" href="https://avatars2.githubusercontent.com">
  <link rel="dns-prefetch" href="https://avatars3.githubusercontent.com">
  <link rel="dns-prefetch" href="https://github-cloud.s3.amazonaws.com">
  <link rel="dns-prefetch" href="https://user-images.githubusercontent.com/">



  <link crossorigin="anonymous" href="https://assets-cdn.github.com/assets/frameworks-7a12427f1445.css" integrity="sha512-ehJCfxRFqU8Lt/+Hwc4cvp41sPisCp1U2d03SlbM3aKVZcxiYDTVmBsAtOVgAtZ912JFOebwrPXr/JcDNd6bGA==" media="all" rel="stylesheet" />
  <link crossorigin="anonymous" href="https://assets-cdn.github.com/assets/github-b711cfd662b2.css" integrity="sha512-txHP1mKy8TdPpybOBrgYwUYi4H3dxazpxKcQIwZvmdaxrd/CnXzKcabQLAIwJms4lFpXDBZ8IzLjsSMYzjcgig==" media="all" rel="stylesheet" />
  
  
  
  

  <meta name="viewport" content="width=device-width">
  
  <title>P10/Bibliography.bib at master Â· tpilga12/P10</title>
  <link rel="search" type="application/opensearchdescription+xml" href="/opensearch.xml" title="GitHub">
  <link rel="fluid-icon" href="https://github.com/fluidicon.png" title="GitHub">
  <meta property="fb:app_id" content="1401488693436528">

    
    <meta content="https://avatars1.githubusercontent.com/u/31685496?s=400&amp;v=4" property="og:image" /><meta content="GitHub" property="og:site_name" /><meta content="object" property="og:type" /><meta content="tpilga12/P10" property="og:title" /><meta content="https://github.com/tpilga12/P10" property="og:url" /><meta content="Contribute to P10 development by creating an account on GitHub." property="og:description" />

  <link rel="assets" href="https://assets-cdn.github.com/">
  <link rel="web-socket" href="wss://live.github.com/_sockets/VjI6MjQ1MzE2ODE3OjFlMzhlMDZiZGNkNzM5NDlkNzM4MDM5M2FlZjcxNzViYjk4NzljNWU5ZDY0ZmUwYTg0MmYyNTMwYjNjY2M3NTQ=--c2585396fa141cacf4f6b6b806779a3a5bfaac26">
  <meta name="pjax-timeout" content="1000">
  <link rel="sudo-modal" href="/sessions/sudo_modal">
  <meta name="request-id" content="52B7:245A5:59882D0:93F987E:5A8C29C6" data-pjax-transient>
  

  <meta name="selected-link" value="repo_source" data-pjax-transient>

    <meta name="google-site-verification" content="KT5gs8h0wvaagLKAVWq8bbeNwnZZK1r1XQysX3xurLU">
  <meta name="google-site-verification" content="ZzhVyEFwb7w3e0-uOTltm8Jsck2F5StVihD0exw2fsA">
  <meta name="google-site-verification" content="GXs5KoUUkNCoaAZn7wPN-t01Pywp9M3sEjnt_3_ZWPc">
    <meta name="google-analytics" content="UA-3769691-2">

<meta content="collector.githubapp.com" name="octolytics-host" /><meta content="github" name="octolytics-app-id" /><meta content="https://collector.githubapp.com/github-external/browser_event" name="octolytics-event-url" /><meta content="52B7:245A5:59882D0:93F987E:5A8C29C6" name="octolytics-dimension-request_id" /><meta content="iad" name="octolytics-dimension-region_edge" /><meta content="iad" name="octolytics-dimension-region_render" /><meta content="31685496" name="octolytics-actor-id" /><meta content="tpilga12" name="octolytics-actor-login" /><meta content="eb6f0a0b31b1ba60ad85fe1338a97b7fa3844840862e47f7ed3e69f11af32140" name="octolytics-actor-hash" />
<meta content="https://github.com/hydro_browser_events" name="hydro-events-url" />
<meta content="/&lt;user-name&gt;/&lt;repo-name&gt;/blob/show" data-pjax-transient="true" name="analytics-location" />




  <meta class="js-ga-set" name="dimension1" content="Logged In">


  

      <meta name="hostname" content="github.com">
    <meta name="user-login" content="tpilga12">

      <meta name="expected-hostname" content="github.com">
    <meta name="js-proxy-site-detection-payload" content="NTc2ODU0ZDExZGJkZTdmZjRiYmM3NjZkMWQ0OWMyYjM5OTk0NGNjZDhlNDRjNWViZTJmZDNiN2QzM2M4YmM0NXx7InJlbW90ZV9hZGRyZXNzIjoiMTMwLjIyNS4xOTguMTk2IiwicmVxdWVzdF9pZCI6IjUyQjc6MjQ1QTU6NTk4ODJEMDo5M0Y5ODdFOjVBOEMyOUM2IiwidGltZXN0YW1wIjoxNTE5MTM1MTc4LCJob3N0IjoiZ2l0aHViLmNvbSJ9">

    <meta name="enabled-features" content="UNIVERSE_BANNER,FREE_TRIALS,MARKETPLACE_HERO_CARD_UPLOADER,MARKETPLACE_INSIGHTS,MARKETPLACE_INSIGHTS_CONVERSION_PERCENTAGES">

  <meta name="html-safe-nonce" content="8f0678ceaf8d5c4fd10975389b907595328f189c">

  <meta http-equiv="x-pjax-version" content="7209506cc1eb852c6f948f52b80e1857">
  

      <link href="https://github.com/tpilga12/P10/commits/master.atom" rel="alternate" title="Recent Commits to P10:master" type="application/atom+xml">

  <meta name="description" content="Contribute to P10 development by creating an account on GitHub.">
  <meta name="go-import" content="github.com/tpilga12/P10 git https://github.com/tpilga12/P10.git">

  <meta content="31685496" name="octolytics-dimension-user_id" /><meta content="tpilga12" name="octolytics-dimension-user_login" /><meta content="119948919" name="octolytics-dimension-repository_id" /><meta content="tpilga12/P10" name="octolytics-dimension-repository_nwo" /><meta content="true" name="octolytics-dimension-repository_public" /><meta content="false" name="octolytics-dimension-repository_is_fork" /><meta content="119948919" name="octolytics-dimension-repository_network_root_id" /><meta content="tpilga12/P10" name="octolytics-dimension-repository_network_root_nwo" /><meta content="true" name="octolytics-dimension-repository_explore_github_marketplace_ci_cta_shown" />


    <link rel="canonical" href="https://github.com/tpilga12/P10/blob/master/Latex/Bibliography.bib" data-pjax-transient>


  <meta name="browser-stats-url" content="https://api.github.com/_private/browser/stats">

  <meta name="browser-errors-url" content="https://api.github.com/_private/browser/errors">

  <link rel="mask-icon" href="https://assets-cdn.github.com/pinned-octocat.svg" color="#000000">
  <link rel="icon" type="image/x-icon" class="js-site-favicon" href="https://assets-cdn.github.com/favicon.ico">

<meta name="theme-color" content="#1e2327">



<link rel="manifest" href="/manifest.json" crossOrigin="use-credentials">

  </head>

  <body class="logged-in env-production page-blob">
    

  <div class="position-relative js-header-wrapper ">
    <a href="#start-of-content" tabindex="1" class="bg-black text-white p-3 show-on-focus js-skip-to-content">Skip to content</a>
    <div id="js-pjax-loader-bar" class="pjax-loader-bar"><div class="progress"></div></div>

    
    
    



        
<header class="Header  f5" role="banner">
  <div class="d-flex px-3 flex-justify-between container-lg">
    <div class="d-flex flex-justify-between ">
      <div class="">
        <a class="header-logo-invertocat" href="https://github.com/" data-hotkey="g d" aria-label="Homepage" data-ga-click="Header, go to dashboard, icon:logo">
  <svg aria-hidden="true" class="octicon octicon-mark-github" height="32" version="1.1" viewBox="0 0 16 16" width="32"><path fill-rule="evenodd" d="M8 0C3.58 0 0 3.58 0 8c0 3.54 2.29 6.53 5.47 7.59.4.07.55-.17.55-.38 0-.19-.01-.82-.01-1.49-2.01.37-2.53-.49-2.69-.94-.09-.23-.48-.94-.82-1.13-.28-.15-.68-.52-.01-.53.63-.01 1.08.58 1.23.82.72 1.21 1.87.87 2.33.66.07-.52.28-.87.51-1.07-1.78-.2-3.64-.89-3.64-3.95 0-.87.31-1.59.82-2.15-.08-.2-.36-1.02.08-2.12 0 0 .67-.21 2.2.82.64-.18 1.32-.27 2-.27.68 0 1.36.09 2 .27 1.53-1.04 2.2-.82 2.2-.82.44 1.1.16 1.92.08 2.12.51.56.82 1.27.82 2.15 0 3.07-1.87 3.75-3.65 3.95.29.25.54.73.54 1.48 0 1.07-.01 1.93-.01 2.2 0 .21.15.46.55.38A8.013 8.013 0 0 0 16 8c0-4.42-3.58-8-8-8z"/></svg>
</a>

      </div>

    </div>

    <div class="HeaderMenu d-flex flex-justify-between flex-auto">
      <div class="d-flex">
            <div class="">
              <div class="header-search scoped-search site-scoped-search js-site-search" role="search">
  <!-- '"` --><!-- </textarea></xmp> --></option></form><form accept-charset="UTF-8" action="/tpilga12/P10/search" class="js-site-search-form" data-scoped-search-url="/tpilga12/P10/search" data-unscoped-search-url="/search" method="get"><div style="margin:0;padding:0;display:inline"><input name="utf8" type="hidden" value="&#x2713;" /></div>
    <label class="form-control header-search-wrapper js-chromeless-input-container">
        <a href="/tpilga12/P10/blob/master/Latex/Bibliography.bib" class="header-search-scope no-underline">This repository</a>
      <input type="text"
        class="form-control header-search-input js-site-search-focus js-site-search-field is-clearable"
        data-hotkey="s"
        name="q"
        value=""
        placeholder="Search"
        aria-label="Search this repository"
        data-unscoped-placeholder="Search GitHub"
        data-scoped-placeholder="Search"
        autocapitalize="off">
        <input type="hidden" class="js-site-search-type-field" name="type" >
    </label>
</form></div>

            </div>

          <ul class="d-flex pl-2 flex-items-center text-bold list-style-none" role="navigation">
            <li>
              <a href="/pulls" aria-label="Pull requests you created" class="js-selected-navigation-item HeaderNavlink px-2" data-ga-click="Header, click, Nav menu - item:pulls context:user" data-hotkey="g p" data-selected-links="/pulls /pulls/assigned /pulls/mentioned /pulls">
                Pull requests
</a>            </li>
            <li>
              <a href="/issues" aria-label="Issues you created" class="js-selected-navigation-item HeaderNavlink px-2" data-ga-click="Header, click, Nav menu - item:issues context:user" data-hotkey="g i" data-selected-links="/issues /issues/assigned /issues/mentioned /issues">
                Issues
</a>            </li>
                <li>
                  <a href="/marketplace" class="js-selected-navigation-item HeaderNavlink px-2" data-ga-click="Header, click, Nav menu - item:marketplace context:user" data-selected-links=" /marketplace">
                    Marketplace
</a>                </li>
            <li>
              <a href="/explore" class="js-selected-navigation-item HeaderNavlink px-2" data-ga-click="Header, click, Nav menu - item:explore" data-selected-links="/explore /trending /trending/developers /integrations /integrations/feature/code /integrations/feature/collaborate /integrations/feature/ship showcases showcases_search showcases_landing /explore">
                Explore
</a>            </li>
          </ul>
      </div>

      <div class="d-flex">
        
<ul class="user-nav d-flex flex-items-center list-style-none" id="user-links">
  <li class="dropdown js-menu-container">
    <span class="d-inline-block  px-2">
      

    </span>
  </li>

  <li class="dropdown js-menu-container">
    <details class="dropdown-details details-reset js-dropdown-details d-flex px-2 flex-items-center">
      <summary class="HeaderNavlink"
         aria-label="Create newâ¦"
         data-ga-click="Header, create new, icon:add">
        <svg aria-hidden="true" class="octicon octicon-plus float-left mr-1 mt-1" height="16" version="1.1" viewBox="0 0 12 16" width="12"><path fill-rule="evenodd" d="M12 9H7v5H5V9H0V7h5V2h2v5h5z"/></svg>
        <span class="dropdown-caret mt-1"></span>
      </summary>

      <ul class="dropdown-menu dropdown-menu-sw">
        
<a class="dropdown-item" href="/new" data-ga-click="Header, create new repository">
  New repository
</a>

  <a class="dropdown-item" href="/new/import" data-ga-click="Header, import a repository">
    Import repository
  </a>

<a class="dropdown-item" href="https://gist.github.com/" data-ga-click="Header, create new gist">
  New gist
</a>

  <a class="dropdown-item" href="/organizations/new" data-ga-click="Header, create new organization">
    New organization
  </a>



  <div class="dropdown-divider"></div>
  <div class="dropdown-header">
    <span title="tpilga12/P10">This repository</span>
  </div>
    <a class="dropdown-item" href="/tpilga12/P10/issues/new" data-ga-click="Header, create new issue">
      New issue
    </a>

      </ul>
    </details>
  </li>

  <li class="dropdown js-menu-container">

    <details class="dropdown-details details-reset js-dropdown-details d-flex pl-2 flex-items-center">
      <summary class="HeaderNavlink name mt-1"
        aria-label="View profile and more"
        data-ga-click="Header, show menu, icon:avatar">
        <img alt="@tpilga12" class="avatar float-left mr-1" src="https://avatars2.githubusercontent.com/u/31685496?s=40&amp;v=4" height="20" width="20">
        <span class="dropdown-caret"></span>
      </summary>

      <ul class="dropdown-menu dropdown-menu-sw">
        <li class="dropdown-header header-nav-current-user css-truncate">
          Signed in as <strong class="css-truncate-target">tpilga12</strong>
        </li>

        <li class="dropdown-divider"></li>

        <li><a class="dropdown-item" href="/tpilga12" data-ga-click="Header, go to profile, text:your profile">
          Your profile
        </a></li>
        <li><a class="dropdown-item" href="/tpilga12?tab=stars" data-ga-click="Header, go to starred repos, text:your stars">
          Your stars
        </a></li>
          <li><a class="dropdown-item" href="https://gist.github.com/" data-ga-click="Header, your gists, text:your gists">Your gists</a></li>

        <li class="dropdown-divider"></li>

        <li><a class="dropdown-item" href="https://help.github.com" data-ga-click="Header, go to help, text:help">
          Help
        </a></li>

        <li><a class="dropdown-item" href="/settings/profile" data-ga-click="Header, go to settings, icon:settings">
          Settings
        </a></li>

        <li><!-- '"` --><!-- </textarea></xmp> --></option></form><form accept-charset="UTF-8" action="/logout" class="logout-form" method="post"><div style="margin:0;padding:0;display:inline"><input name="utf8" type="hidden" value="&#x2713;" /><input name="authenticity_token" type="hidden" value="pV5LkI2zyGKRRodqb3amsFS/byXq/zYHBKRHIhpw0DSgj6ojpsn9Vmz4kwvYoIwgQjG6ZYYwHGD86jOIUlNz3g==" /></div>
          <button type="submit" class="dropdown-item dropdown-signout" data-ga-click="Header, sign out, icon:logout">
            Sign out
          </button>
        </form></li>
      </ul>
    </details>
  </li>
</ul>



        <!-- '"` --><!-- </textarea></xmp> --></option></form><form accept-charset="UTF-8" action="/logout" class="sr-only right-0" method="post"><div style="margin:0;padding:0;display:inline"><input name="utf8" type="hidden" value="&#x2713;" /><input name="authenticity_token" type="hidden" value="4Nk7Cn78UP7Df0zA3VL6rg4dRelCqY+Y5qJZNo0k9ZflCNq5VYZlyj7BWKFqhNA+GJOQqS5mpf8e7C2cxQdWfQ==" /></div>
          <button type="submit" class="dropdown-item dropdown-signout" data-ga-click="Header, sign out, icon:logout">
            Sign out
          </button>
</form>      </div>
    </div>
  </div>
</header>

      

  </div>

  <div id="start-of-content" class="show-on-focus"></div>

    <div id="js-flash-container">
</div>



  <div role="main" class="application-main ">
        <div itemscope itemtype="http://schema.org/SoftwareSourceCode" class="">
    <div id="js-repo-pjax-container" data-pjax-container >
      







  <div class="pagehead repohead instapaper_ignore readability-menu experiment-repo-nav  ">
    <div class="repohead-details-container clearfix container">

      <ul class="pagehead-actions">
  <li>
        <!-- '"` --><!-- </textarea></xmp> --></option></form><form accept-charset="UTF-8" action="/notifications/subscribe" class="js-social-container" data-autosubmit="true" data-remote="true" method="post"><div style="margin:0;padding:0;display:inline"><input name="utf8" type="hidden" value="&#x2713;" /><input name="authenticity_token" type="hidden" value="Se+QgN3nfQeSkm3T1+XX3XByromwR3p0ud00eNsss7ZRBTRAML1EGzHdXqM/gtQcZjfpyFD8QZQ5iUwYURUtiA==" /></div>      <input class="form-control" id="repository_id" name="repository_id" type="hidden" value="119948919" />

        <div class="select-menu js-menu-container js-select-menu">
          <a href="/tpilga12/P10/subscription"
            class="btn btn-sm btn-with-count select-menu-button js-menu-target"
            role="button"
            aria-haspopup="true"
            aria-expanded="false"
            aria-label="Toggle repository notifications menu"
            data-ga-click="Repository, click Watch settings, action:blob#show">
            <span class="js-select-button">
                <svg aria-hidden="true" class="octicon octicon-eye" height="16" version="1.1" viewBox="0 0 16 16" width="16"><path fill-rule="evenodd" d="M8.06 2C3 2 0 8 0 8s3 6 8.06 6C13 14 16 8 16 8s-3-6-7.94-6zM8 12c-2.2 0-4-1.78-4-4 0-2.2 1.8-4 4-4 2.22 0 4 1.8 4 4 0 2.22-1.78 4-4 4zm2-4c0 1.11-.89 2-2 2-1.11 0-2-.89-2-2 0-1.11.89-2 2-2 1.11 0 2 .89 2 2z"/></svg>
                Watch
            </span>
          </a>
          <a class="social-count js-social-count"
            href="/tpilga12/P10/watchers"
            aria-label="0 users are watching this repository">
            0
          </a>

        <div class="select-menu-modal-holder">
          <div class="select-menu-modal subscription-menu-modal js-menu-content">
            <div class="select-menu-header js-navigation-enable" tabindex="-1">
              <svg aria-label="Close" class="octicon octicon-x js-menu-close" height="16" role="img" version="1.1" viewBox="0 0 12 16" width="12"><path fill-rule="evenodd" d="M7.48 8l3.75 3.75-1.48 1.48L6 9.48l-3.75 3.75-1.48-1.48L4.52 8 .77 4.25l1.48-1.48L6 6.52l3.75-3.75 1.48 1.48z"/></svg>
              <span class="select-menu-title">Notifications</span>
            </div>

              <div class="select-menu-list js-navigation-container" role="menu">

                <div class="select-menu-item js-navigation-item selected" role="menuitem" tabindex="0">
                  <svg aria-hidden="true" class="octicon octicon-check select-menu-item-icon" height="16" version="1.1" viewBox="0 0 12 16" width="12"><path fill-rule="evenodd" d="M12 5l-8 8-4-4 1.5-1.5L4 10l6.5-6.5z"/></svg>
                  <div class="select-menu-item-text">
                    <input checked="checked" id="do_included" name="do" type="radio" value="included" />
                    <span class="select-menu-item-heading">Not watching</span>
                    <span class="description">Be notified when participating or @mentioned.</span>
                    <span class="js-select-button-text hidden-select-button-text">
                      <svg aria-hidden="true" class="octicon octicon-eye" height="16" version="1.1" viewBox="0 0 16 16" width="16"><path fill-rule="evenodd" d="M8.06 2C3 2 0 8 0 8s3 6 8.06 6C13 14 16 8 16 8s-3-6-7.94-6zM8 12c-2.2 0-4-1.78-4-4 0-2.2 1.8-4 4-4 2.22 0 4 1.8 4 4 0 2.22-1.78 4-4 4zm2-4c0 1.11-.89 2-2 2-1.11 0-2-.89-2-2 0-1.11.89-2 2-2 1.11 0 2 .89 2 2z"/></svg>
                      Watch
                    </span>
                  </div>
                </div>

                <div class="select-menu-item js-navigation-item " role="menuitem" tabindex="0">
                  <svg aria-hidden="true" class="octicon octicon-check select-menu-item-icon" height="16" version="1.1" viewBox="0 0 12 16" width="12"><path fill-rule="evenodd" d="M12 5l-8 8-4-4 1.5-1.5L4 10l6.5-6.5z"/></svg>
                  <div class="select-menu-item-text">
                    <input id="do_subscribed" name="do" type="radio" value="subscribed" />
                    <span class="select-menu-item-heading">Watching</span>
                    <span class="description">Be notified of all conversations.</span>
                    <span class="js-select-button-text hidden-select-button-text">
                      <svg aria-hidden="true" class="octicon octicon-eye" height="16" version="1.1" viewBox="0 0 16 16" width="16"><path fill-rule="evenodd" d="M8.06 2C3 2 0 8 0 8s3 6 8.06 6C13 14 16 8 16 8s-3-6-7.94-6zM8 12c-2.2 0-4-1.78-4-4 0-2.2 1.8-4 4-4 2.22 0 4 1.8 4 4 0 2.22-1.78 4-4 4zm2-4c0 1.11-.89 2-2 2-1.11 0-2-.89-2-2 0-1.11.89-2 2-2 1.11 0 2 .89 2 2z"/></svg>
                        Unwatch
                    </span>
                  </div>
                </div>

                <div class="select-menu-item js-navigation-item " role="menuitem" tabindex="0">
                  <svg aria-hidden="true" class="octicon octicon-check select-menu-item-icon" height="16" version="1.1" viewBox="0 0 12 16" width="12"><path fill-rule="evenodd" d="M12 5l-8 8-4-4 1.5-1.5L4 10l6.5-6.5z"/></svg>
                  <div class="select-menu-item-text">
                    <input id="do_ignore" name="do" type="radio" value="ignore" />
                    <span class="select-menu-item-heading">Ignoring</span>
                    <span class="description">Never be notified.</span>
                    <span class="js-select-button-text hidden-select-button-text">
                      <svg aria-hidden="true" class="octicon octicon-mute" height="16" version="1.1" viewBox="0 0 16 16" width="16"><path fill-rule="evenodd" d="M8 2.81v10.38c0 .67-.81 1-1.28.53L3 10H1c-.55 0-1-.45-1-1V7c0-.55.45-1 1-1h2l3.72-3.72C7.19 1.81 8 2.14 8 2.81zm7.53 3.22l-1.06-1.06-1.97 1.97-1.97-1.97-1.06 1.06L11.44 8 9.47 9.97l1.06 1.06 1.97-1.97 1.97 1.97 1.06-1.06L13.56 8l1.97-1.97z"/></svg>
                        Stop ignoring
                    </span>
                  </div>
                </div>

              </div>

            </div>
          </div>
        </div>
</form>
  </li>

  <li>
    
  <div class="js-toggler-container js-social-container starring-container ">
    <!-- '"` --><!-- </textarea></xmp> --></option></form><form accept-charset="UTF-8" action="/tpilga12/P10/unstar" class="starred js-social-form" method="post"><div style="margin:0;padding:0;display:inline"><input name="utf8" type="hidden" value="&#x2713;" /><input name="authenticity_token" type="hidden" value="ZkEJQUQ8dlokps/EeD4z6Gn2ixXPp6DsFptHnZUW9g8Z/jr7JHDzMwc/d4aqKhkEjNynukzeWa3iL04uOIH5BQ==" /></div>
      <input type="hidden" name="context" value="repository"></input>
      <button
        type="submit"
        class="btn btn-sm btn-with-count js-toggler-target"
        aria-label="Unstar this repository" title="Unstar tpilga12/P10"
        data-ga-click="Repository, click unstar button, action:blob#show; text:Unstar">
        <svg aria-hidden="true" class="octicon octicon-star" height="16" version="1.1" viewBox="0 0 14 16" width="14"><path fill-rule="evenodd" d="M14 6l-4.9-.64L7 1 4.9 5.36 0 6l3.6 3.26L2.67 14 7 11.67 11.33 14l-.93-4.74z"/></svg>
        Unstar
      </button>
        <a class="social-count js-social-count" href="/tpilga12/P10/stargazers"
           aria-label="0 users starred this repository">
          0
        </a>
</form>
    <!-- '"` --><!-- </textarea></xmp> --></option></form><form accept-charset="UTF-8" action="/tpilga12/P10/star" class="unstarred js-social-form" method="post"><div style="margin:0;padding:0;display:inline"><input name="utf8" type="hidden" value="&#x2713;" /><input name="authenticity_token" type="hidden" value="+GXn3zWFqp5ht5GS4CfGgBk9vDOq71NCJan4Y23x7L/CSt253uCK++VnDJrqhyLFItFwTWX74L0nMoO3TJ0RkA==" /></div>
      <input type="hidden" name="context" value="repository"></input>
      <button
        type="submit"
        class="btn btn-sm btn-with-count js-toggler-target"
        aria-label="Star this repository" title="Star tpilga12/P10"
        data-ga-click="Repository, click star button, action:blob#show; text:Star">
        <svg aria-hidden="true" class="octicon octicon-star" height="16" version="1.1" viewBox="0 0 14 16" width="14"><path fill-rule="evenodd" d="M14 6l-4.9-.64L7 1 4.9 5.36 0 6l3.6 3.26L2.67 14 7 11.67 11.33 14l-.93-4.74z"/></svg>
        Star
      </button>
        <a class="social-count js-social-count" href="/tpilga12/P10/stargazers"
           aria-label="0 users starred this repository">
          0
        </a>
</form>  </div>

  </li>

  <li>
          <!-- '"` --><!-- </textarea></xmp> --></option></form><form accept-charset="UTF-8" action="/tpilga12/P10/fork" class="btn-with-count" method="post"><div style="margin:0;padding:0;display:inline"><input name="utf8" type="hidden" value="&#x2713;" /><input name="authenticity_token" type="hidden" value="xfDfWh3yBXKBDLDNRUtBCznLuwEZBfv7Wz90q+a7hSgH35qr6jxpEniUniDzo2oza2a5/TlqQ1P1D5Ahz3X/yg==" /></div>
            <button
                type="submit"
                class="btn btn-sm btn-with-count"
                data-ga-click="Repository, show fork modal, action:blob#show; text:Fork"
                title="Fork your own copy of tpilga12/P10 to your account"
                aria-label="Fork your own copy of tpilga12/P10 to your account">
              <svg aria-hidden="true" class="octicon octicon-repo-forked" height="16" version="1.1" viewBox="0 0 10 16" width="10"><path fill-rule="evenodd" d="M8 1a1.993 1.993 0 0 0-1 3.72V6L5 8 3 6V4.72A1.993 1.993 0 0 0 2 1a1.993 1.993 0 0 0-1 3.72V6.5l3 3v1.78A1.993 1.993 0 0 0 5 15a1.993 1.993 0 0 0 1-3.72V9.5l3-3V4.72A1.993 1.993 0 0 0 8 1zM2 4.2C1.34 4.2.8 3.65.8 3c0-.65.55-1.2 1.2-1.2.65 0 1.2.55 1.2 1.2 0 .65-.55 1.2-1.2 1.2zm3 10c-.66 0-1.2-.55-1.2-1.2 0-.65.55-1.2 1.2-1.2.65 0 1.2.55 1.2 1.2 0 .65-.55 1.2-1.2 1.2zm3-10c-.66 0-1.2-.55-1.2-1.2 0-.65.55-1.2 1.2-1.2.65 0 1.2.55 1.2 1.2 0 .65-.55 1.2-1.2 1.2z"/></svg>
              Fork
            </button>
</form>
    <a href="/tpilga12/P10/network" class="social-count"
       aria-label="0 users forked this repository">
      0
    </a>
  </li>
</ul>

      <h1 class="public ">
  <svg aria-hidden="true" class="octicon octicon-repo" height="16" version="1.1" viewBox="0 0 12 16" width="12"><path fill-rule="evenodd" d="M4 9H3V8h1v1zm0-3H3v1h1V6zm0-2H3v1h1V4zm0-2H3v1h1V2zm8-1v12c0 .55-.45 1-1 1H6v2l-1.5-1.5L3 16v-2H1c-.55 0-1-.45-1-1V1c0-.55.45-1 1-1h10c.55 0 1 .45 1 1zm-1 10H1v2h2v-1h3v1h5v-2zm0-10H2v9h9V1z"/></svg>
  <span class="author" itemprop="author"><a href="/tpilga12" class="url fn" rel="author">tpilga12</a></span><!--
--><span class="path-divider">/</span><!--
--><strong itemprop="name"><a href="/tpilga12/P10" data-pjax="#js-repo-pjax-container">P10</a></strong>

</h1>

    </div>
    
<nav class="reponav js-repo-nav js-sidenav-container-pjax container"
     itemscope
     itemtype="http://schema.org/BreadcrumbList"
     role="navigation"
     data-pjax="#js-repo-pjax-container">

  <span itemscope itemtype="http://schema.org/ListItem" itemprop="itemListElement">
    <a href="/tpilga12/P10" class="js-selected-navigation-item selected reponav-item" data-hotkey="g c" data-selected-links="repo_source repo_downloads repo_commits repo_releases repo_tags repo_branches repo_packages /tpilga12/P10" itemprop="url">
      <svg aria-hidden="true" class="octicon octicon-code" height="16" version="1.1" viewBox="0 0 14 16" width="14"><path fill-rule="evenodd" d="M9.5 3L8 4.5 11.5 8 8 11.5 9.5 13 14 8 9.5 3zm-5 0L0 8l4.5 5L6 11.5 2.5 8 6 4.5 4.5 3z"/></svg>
      <span itemprop="name">Code</span>
      <meta itemprop="position" content="1">
</a>  </span>

    <span itemscope itemtype="http://schema.org/ListItem" itemprop="itemListElement">
      <a href="/tpilga12/P10/issues" class="js-selected-navigation-item reponav-item" data-hotkey="g i" data-selected-links="repo_issues repo_labels repo_milestones /tpilga12/P10/issues" itemprop="url">
        <svg aria-hidden="true" class="octicon octicon-issue-opened" height="16" version="1.1" viewBox="0 0 14 16" width="14"><path fill-rule="evenodd" d="M7 2.3c3.14 0 5.7 2.56 5.7 5.7s-2.56 5.7-5.7 5.7A5.71 5.71 0 0 1 1.3 8c0-3.14 2.56-5.7 5.7-5.7zM7 1C3.14 1 0 4.14 0 8s3.14 7 7 7 7-3.14 7-7-3.14-7-7-7zm1 3H6v5h2V4zm0 6H6v2h2v-2z"/></svg>
        <span itemprop="name">Issues</span>
        <span class="Counter">0</span>
        <meta itemprop="position" content="2">
</a>    </span>

  <span itemscope itemtype="http://schema.org/ListItem" itemprop="itemListElement">
    <a href="/tpilga12/P10/pulls" class="js-selected-navigation-item reponav-item" data-hotkey="g p" data-selected-links="repo_pulls checks /tpilga12/P10/pulls" itemprop="url">
      <svg aria-hidden="true" class="octicon octicon-git-pull-request" height="16" version="1.1" viewBox="0 0 12 16" width="12"><path fill-rule="evenodd" d="M11 11.28V5c-.03-.78-.34-1.47-.94-2.06C9.46 2.35 8.78 2.03 8 2H7V0L4 3l3 3V4h1c.27.02.48.11.69.31.21.2.3.42.31.69v6.28A1.993 1.993 0 0 0 10 15a1.993 1.993 0 0 0 1-3.72zm-1 2.92c-.66 0-1.2-.55-1.2-1.2 0-.65.55-1.2 1.2-1.2.65 0 1.2.55 1.2 1.2 0 .65-.55 1.2-1.2 1.2zM4 3c0-1.11-.89-2-2-2a1.993 1.993 0 0 0-1 3.72v6.56A1.993 1.993 0 0 0 2 15a1.993 1.993 0 0 0 1-3.72V4.72c.59-.34 1-.98 1-1.72zm-.8 10c0 .66-.55 1.2-1.2 1.2-.65 0-1.2-.55-1.2-1.2 0-.65.55-1.2 1.2-1.2.65 0 1.2.55 1.2 1.2zM2 4.2C1.34 4.2.8 3.65.8 3c0-.65.55-1.2 1.2-1.2.65 0 1.2.55 1.2 1.2 0 .65-.55 1.2-1.2 1.2z"/></svg>
      <span itemprop="name">Pull requests</span>
      <span class="Counter">0</span>
      <meta itemprop="position" content="3">
</a>  </span>

    <a href="/tpilga12/P10/projects" class="js-selected-navigation-item reponav-item" data-hotkey="g b" data-selected-links="repo_projects new_repo_project repo_project /tpilga12/P10/projects">
      <svg aria-hidden="true" class="octicon octicon-project" height="16" version="1.1" viewBox="0 0 15 16" width="15"><path fill-rule="evenodd" d="M10 12h3V2h-3v10zm-4-2h3V2H6v8zm-4 4h3V2H2v12zm-1 1h13V1H1v14zM14 0H1a1 1 0 0 0-1 1v14a1 1 0 0 0 1 1h13a1 1 0 0 0 1-1V1a1 1 0 0 0-1-1z"/></svg>
      Projects
      <span class="Counter" >0</span>
</a>
    <a href="/tpilga12/P10/wiki" class="js-selected-navigation-item reponav-item" data-hotkey="g w" data-selected-links="repo_wiki /tpilga12/P10/wiki">
      <svg aria-hidden="true" class="octicon octicon-book" height="16" version="1.1" viewBox="0 0 16 16" width="16"><path fill-rule="evenodd" d="M3 5h4v1H3V5zm0 3h4V7H3v1zm0 2h4V9H3v1zm11-5h-4v1h4V5zm0 2h-4v1h4V7zm0 2h-4v1h4V9zm2-6v9c0 .55-.45 1-1 1H9.5l-1 1-1-1H2c-.55 0-1-.45-1-1V3c0-.55.45-1 1-1h5.5l1 1 1-1H15c.55 0 1 .45 1 1zm-8 .5L7.5 3H2v9h6V3.5zm7-.5H9.5l-.5.5V12h6V3z"/></svg>
      Wiki
</a>

  <a href="/tpilga12/P10/pulse" class="js-selected-navigation-item reponav-item" data-selected-links="repo_graphs repo_contributors dependency_graph pulse /tpilga12/P10/pulse">
    <svg aria-hidden="true" class="octicon octicon-graph" height="16" version="1.1" viewBox="0 0 16 16" width="16"><path fill-rule="evenodd" d="M16 14v1H0V0h1v14h15zM5 13H3V8h2v5zm4 0H7V3h2v10zm4 0h-2V6h2v7z"/></svg>
    Insights
</a>
    <a href="/tpilga12/P10/settings" class="js-selected-navigation-item reponav-item" data-selected-links="repo_settings repo_branch_settings hooks integration_installations repo_keys_settings /tpilga12/P10/settings">
      <svg aria-hidden="true" class="octicon octicon-gear" height="16" version="1.1" viewBox="0 0 14 16" width="14"><path fill-rule="evenodd" d="M14 8.77v-1.6l-1.94-.64-.45-1.09.88-1.84-1.13-1.13-1.81.91-1.09-.45-.69-1.92h-1.6l-.63 1.94-1.11.45-1.84-.88-1.13 1.13.91 1.81-.45 1.09L0 7.23v1.59l1.94.64.45 1.09-.88 1.84 1.13 1.13 1.81-.91 1.09.45.69 1.92h1.59l.63-1.94 1.11-.45 1.84.88 1.13-1.13-.92-1.81.47-1.09L14 8.75v.02zM7 11c-1.66 0-3-1.34-3-3s1.34-3 3-3 3 1.34 3 3-1.34 3-3 3z"/></svg>
      Settings
</a>
</nav>


  </div>

<div class="container new-discussion-timeline experiment-repo-nav  ">
  <div class="repository-content ">

    
  <a href="/tpilga12/P10/blob/9dacd376d2a4b5c6fa305222249d556618aa3f50/Latex/Bibliography.bib" class="d-none js-permalink-shortcut" data-hotkey="y">Permalink</a>

  <!-- blob contrib key: blob_contributors:v21:4b4b7d8fe39af80e35f7c4dc4e70199b -->

  <div class="file-navigation js-zeroclipboard-container">
    
<div class="select-menu branch-select-menu js-menu-container js-select-menu float-left">
  <button class=" btn btn-sm select-menu-button js-menu-target css-truncate" data-hotkey="w"
    
    type="button" aria-label="Switch branches or tags" aria-expanded="false" aria-haspopup="true">
      <i>Branch:</i>
      <span class="js-select-button css-truncate-target">master</span>
  </button>

  <div class="select-menu-modal-holder js-menu-content js-navigation-container" data-pjax>

    <div class="select-menu-modal">
      <div class="select-menu-header">
        <svg aria-label="Close" class="octicon octicon-x js-menu-close" height="16" role="img" version="1.1" viewBox="0 0 12 16" width="12"><path fill-rule="evenodd" d="M7.48 8l3.75 3.75-1.48 1.48L6 9.48l-3.75 3.75-1.48-1.48L4.52 8 .77 4.25l1.48-1.48L6 6.52l3.75-3.75 1.48 1.48z"/></svg>
        <span class="select-menu-title">Switch branches/tags</span>
      </div>

      <div class="select-menu-filters">
        <div class="select-menu-text-filter">
          <input type="text" aria-label="Find or create a branchâ¦" id="context-commitish-filter-field" class="form-control js-filterable-field js-navigation-enable" placeholder="Find or create a branchâ¦">
        </div>
        <div class="select-menu-tabs">
          <ul>
            <li class="select-menu-tab">
              <a href="#" data-tab-filter="branches" data-filter-placeholder="Find or create a branchâ¦" class="js-select-menu-tab" role="tab">Branches</a>
            </li>
            <li class="select-menu-tab">
              <a href="#" data-tab-filter="tags" data-filter-placeholder="Find a tagâ¦" class="js-select-menu-tab" role="tab">Tags</a>
            </li>
          </ul>
        </div>
      </div>

      <div class="select-menu-list select-menu-tab-bucket js-select-menu-tab-bucket" data-tab-filter="branches" role="menu">

        <div data-filterable-for="context-commitish-filter-field" data-filterable-type="substring">


            <a class="select-menu-item js-navigation-item js-navigation-open selected"
               href="/tpilga12/P10/blob/master/Latex/Bibliography.bib"
               data-name="master"
               data-skip-pjax="true"
               rel="nofollow">
              <svg aria-hidden="true" class="octicon octicon-check select-menu-item-icon" height="16" version="1.1" viewBox="0 0 12 16" width="12"><path fill-rule="evenodd" d="M12 5l-8 8-4-4 1.5-1.5L4 10l6.5-6.5z"/></svg>
              <span class="select-menu-item-text css-truncate-target js-select-menu-filter-text">
                master
              </span>
            </a>
        </div>

          <!-- '"` --><!-- </textarea></xmp> --></option></form><form accept-charset="UTF-8" action="/tpilga12/P10/branches" class="js-create-branch select-menu-item select-menu-new-item-form js-navigation-item js-new-item-form" method="post"><div style="margin:0;padding:0;display:inline"><input name="utf8" type="hidden" value="&#x2713;" /><input name="authenticity_token" type="hidden" value="GsooX+a9ymCBwCCxpewTUKTFiq+6PxT6+Jx44n+pxbV17VceCLDm7fn5g9i4szcTqqKC0Kl6FRyPLX+AHcgiQg==" /></div>
          <svg aria-hidden="true" class="octicon octicon-git-branch select-menu-item-icon" height="16" version="1.1" viewBox="0 0 10 16" width="10"><path fill-rule="evenodd" d="M10 5c0-1.11-.89-2-2-2a1.993 1.993 0 0 0-1 3.72v.3c-.02.52-.23.98-.63 1.38-.4.4-.86.61-1.38.63-.83.02-1.48.16-2 .45V4.72a1.993 1.993 0 0 0-1-3.72C.88 1 0 1.89 0 3a2 2 0 0 0 1 1.72v6.56c-.59.35-1 .99-1 1.72 0 1.11.89 2 2 2 1.11 0 2-.89 2-2 0-.53-.2-1-.53-1.36.09-.06.48-.41.59-.47.25-.11.56-.17.94-.17 1.05-.05 1.95-.45 2.75-1.25S8.95 7.77 9 6.73h-.02C9.59 6.37 10 5.73 10 5zM2 1.8c.66 0 1.2.55 1.2 1.2 0 .65-.55 1.2-1.2 1.2C1.35 4.2.8 3.65.8 3c0-.65.55-1.2 1.2-1.2zm0 12.41c-.66 0-1.2-.55-1.2-1.2 0-.65.55-1.2 1.2-1.2.65 0 1.2.55 1.2 1.2 0 .65-.55 1.2-1.2 1.2zm6-8c-.66 0-1.2-.55-1.2-1.2 0-.65.55-1.2 1.2-1.2.65 0 1.2.55 1.2 1.2 0 .65-.55 1.2-1.2 1.2z"/></svg>
            <div class="select-menu-item-text">
              <span class="select-menu-item-heading">Create branch: <span class="js-new-item-name"></span></span>
              <span class="description">from âmasterâ</span>
            </div>
            <input type="hidden" name="name" id="name" class="js-new-item-value">
            <input type="hidden" name="branch" id="branch" value="master">
            <input type="hidden" name="path" id="path" value="Latex/Bibliography.bib">
</form>
      </div>

      <div class="select-menu-list select-menu-tab-bucket js-select-menu-tab-bucket" data-tab-filter="tags">
        <div data-filterable-for="context-commitish-filter-field" data-filterable-type="substring">


        </div>

        <div class="select-menu-no-results">Nothing to show</div>
      </div>

    </div>
  </div>
</div>

    <div class="BtnGroup float-right">
      <a href="/tpilga12/P10/find/master"
            class="js-pjax-capture-input btn btn-sm BtnGroup-item"
            data-pjax
            data-hotkey="t">
        Find file
      </a>
      <button aria-label="Copy file path to clipboard" class="js-zeroclipboard btn btn-sm BtnGroup-item tooltipped tooltipped-s" data-copied-hint="Copied!" type="button">Copy path</button>
    </div>
    <div class="breadcrumb js-zeroclipboard-target">
      <span class="repo-root js-repo-root"><span class="js-path-segment"><a href="/tpilga12/P10" data-pjax="true"><span>P10</span></a></span></span><span class="separator">/</span><span class="js-path-segment"><a href="/tpilga12/P10/tree/master/Latex" data-pjax="true"><span>Latex</span></a></span><span class="separator">/</span><strong class="final-path">Bibliography.bib</strong>
    </div>
  </div>


  
  <div class="commit-tease">
      <span class="float-right">
        <a class="commit-tease-sha" href="/tpilga12/P10/commit/33868e836f78a1bbb96f1b76d1b15627322f11a9" data-pjax>
          33868e8
        </a>
        <relative-time datetime="2018-02-07T08:00:33Z">Feb 7, 2018</relative-time>
      </span>
      <div>
        <img alt="@Naundrup" class="avatar" height="20" src="https://avatars1.githubusercontent.com/u/36066861?s=40&amp;v=4" width="20" />
        <a href="/Naundrup" class="user-mention" rel="contributor">Naundrup</a>
          <a href="/tpilga12/P10/commit/33868e836f78a1bbb96f1b76d1b15627322f11a9" class="message" data-pjax="true" title="Latex">Latex</a>
      </div>

    <div class="commit-tease-contributors">
      <button type="button" class="btn-link muted-link contributors-toggle" data-facebox="#blob_contributors_box">
        <strong>1</strong>
         contributor
      </button>
      
    </div>

    <div id="blob_contributors_box" style="display:none">
      <h2 class="facebox-header" data-facebox-id="facebox-header">Users who have contributed to this file</h2>
      <ul class="facebox-user-list" data-facebox-id="facebox-description">
          <li class="facebox-user-list-item">
            <img alt="@Naundrup" height="24" src="https://avatars0.githubusercontent.com/u/36066861?s=48&amp;v=4" width="24" />
            <a href="/Naundrup">Naundrup</a>
          </li>
      </ul>
    </div>
  </div>


  <div class="file">
    <div class="file-header">
  <div class="file-actions">

    <div class="BtnGroup">
      <a href="/tpilga12/P10/raw/master/Latex/Bibliography.bib" class="btn btn-sm BtnGroup-item" id="raw-url">Raw</a>
        <a href="/tpilga12/P10/blame/master/Latex/Bibliography.bib" class="btn btn-sm js-update-url-with-hash BtnGroup-item" data-hotkey="b">Blame</a>
      <a href="/tpilga12/P10/commits/master/Latex/Bibliography.bib" class="btn btn-sm BtnGroup-item" rel="nofollow">History</a>
    </div>

        <a class="btn-octicon tooltipped tooltipped-nw"
           href="https://desktop.github.com"
           aria-label="Open this file in GitHub Desktop"
           data-ga-click="Repository, open with desktop, type:windows">
            <svg aria-hidden="true" class="octicon octicon-device-desktop" height="16" version="1.1" viewBox="0 0 16 16" width="16"><path fill-rule="evenodd" d="M15 2H1c-.55 0-1 .45-1 1v9c0 .55.45 1 1 1h5.34c-.25.61-.86 1.39-2.34 2h8c-1.48-.61-2.09-1.39-2.34-2H15c.55 0 1-.45 1-1V3c0-.55-.45-1-1-1zm0 9H1V3h14v8z"/></svg>
        </a>

          <!-- '"` --><!-- </textarea></xmp> --></option></form><form accept-charset="UTF-8" action="/tpilga12/P10/edit/master/Latex/Bibliography.bib" class="inline-form js-update-url-with-hash" method="post"><div style="margin:0;padding:0;display:inline"><input name="utf8" type="hidden" value="&#x2713;" /><input name="authenticity_token" type="hidden" value="7tRYehNYL1q63wGFRfSmQlmp1v3ZmLfdfPLaHphzgx1CTi7Xi/CuzcqyvJzSyZty2Q80XqqZ+NeVmz8hO0o5xg==" /></div>
            <button class="btn-octicon tooltipped tooltipped-nw" type="submit"
              aria-label="Edit this file" data-hotkey="e" data-disable-with>
              <svg aria-hidden="true" class="octicon octicon-pencil" height="16" version="1.1" viewBox="0 0 14 16" width="14"><path fill-rule="evenodd" d="M0 12v3h3l8-8-3-3-8 8zm3 2H1v-2h1v1h1v1zm10.3-9.3L12 6 9 3l1.3-1.3a.996.996 0 0 1 1.41 0l1.59 1.59c.39.39.39 1.02 0 1.41z"/></svg>
            </button>
</form>
        <!-- '"` --><!-- </textarea></xmp> --></option></form><form accept-charset="UTF-8" action="/tpilga12/P10/delete/master/Latex/Bibliography.bib" class="inline-form" method="post"><div style="margin:0;padding:0;display:inline"><input name="utf8" type="hidden" value="&#x2713;" /><input name="authenticity_token" type="hidden" value="saHKAsmkPzhwp4b/wXjfNAQ+gfLqYhFAjNHWtqTkcdzcJj1pptUZxolcN8VLmYhN809ybQDOxtGyUqlGmSfsNg==" /></div>
          <button class="btn-octicon btn-octicon-danger tooltipped tooltipped-nw" type="submit"
            aria-label="Delete this file" data-disable-with>
            <svg aria-hidden="true" class="octicon octicon-trashcan" height="16" version="1.1" viewBox="0 0 12 16" width="12"><path fill-rule="evenodd" d="M11 2H9c0-.55-.45-1-1-1H5c-.55 0-1 .45-1 1H2c-.55 0-1 .45-1 1v1c0 .55.45 1 1 1v9c0 .55.45 1 1 1h7c.55 0 1-.45 1-1V5c.55 0 1-.45 1-1V3c0-.55-.45-1-1-1zm-1 12H3V5h1v8h1V5h1v8h1V5h1v8h1V5h1v9zm1-10H2V3h9v1z"/></svg>
          </button>
</form>  </div>

  <div class="file-info">
      231 lines (199 sloc)
      <span class="file-info-divider"></span>
    6.13 KB
  </div>
</div>

    

  <div itemprop="text" class="blob-wrapper data type-tex">
      <table class="highlight tab-size js-file-line-container" data-tab-size="8">
      <tr>
        <td id="L1" class="blob-num js-line-number" data-line-number="1"></td>
        <td id="LC1" class="blob-code blob-code-inner js-file-line"><span class="pl-c"><span class="pl-c">%</span> Encoding: UTF-8</span></td>
      </tr>
      <tr>
        <td id="L2" class="blob-num js-line-number" data-line-number="2"></td>
        <td id="LC2" class="blob-code blob-code-inner js-file-line">
</td>
      </tr>
      <tr>
        <td id="L3" class="blob-num js-line-number" data-line-number="3"></td>
        <td id="LC3" class="blob-code blob-code-inner js-file-line">@Misc{grundfosweb,</td>
      </tr>
      <tr>
        <td id="L4" class="blob-num js-line-number" data-line-number="4"></td>
        <td id="LC4" class="blob-code blob-code-inner js-file-line">  author       = {Grundfos},</td>
      </tr>
      <tr>
        <td id="L5" class="blob-num js-line-number" data-line-number="5"></td>
        <td id="LC5" class="blob-code blob-code-inner js-file-line">  title        = {Mixing loop},</td>
      </tr>
      <tr>
        <td id="L6" class="blob-num js-line-number" data-line-number="6"></td>
        <td id="LC6" class="blob-code blob-code-inner js-file-line">  howpublished = {<span class="pl-c1">\url</span>{http://www.grundfos.com/service-support/encyclopedia-search/mixing-loop.html}},</td>
      </tr>
      <tr>
        <td id="L7" class="blob-num js-line-number" data-line-number="7"></td>
        <td id="LC7" class="blob-code blob-code-inner js-file-line">  month        = sep,</td>
      </tr>
      <tr>
        <td id="L8" class="blob-num js-line-number" data-line-number="8"></td>
        <td id="LC8" class="blob-code blob-code-inner js-file-line">  year         = {2017},</td>
      </tr>
      <tr>
        <td id="L9" class="blob-num js-line-number" data-line-number="9"></td>
        <td id="LC9" class="blob-code blob-code-inner js-file-line">  timestamp    = {2017-09-11},</td>
      </tr>
      <tr>
        <td id="L10" class="blob-num js-line-number" data-line-number="10"></td>
        <td id="LC10" class="blob-code blob-code-inner js-file-line">  url          = {http://www.grundfos.com/service-support/encyclopedia-search/mixing-loop.html},</td>
      </tr>
      <tr>
        <td id="L11" class="blob-num js-line-number" data-line-number="11"></td>
        <td id="LC11" class="blob-code blob-code-inner js-file-line">}</td>
      </tr>
      <tr>
        <td id="L12" class="blob-num js-line-number" data-line-number="12"></td>
        <td id="LC12" class="blob-code blob-code-inner js-file-line">
</td>
      </tr>
      <tr>
        <td id="L13" class="blob-num js-line-number" data-line-number="13"></td>
        <td id="LC13" class="blob-code blob-code-inner js-file-line">@Misc{softcontrolweb,</td>
      </tr>
      <tr>
        <td id="L14" class="blob-num js-line-number" data-line-number="14"></td>
        <td id="LC14" class="blob-code blob-code-inner js-file-line">  author       = {Softcontrol},</td>
      </tr>
      <tr>
        <td id="L15" class="blob-num js-line-number" data-line-number="15"></td>
        <td id="LC15" class="blob-code blob-code-inner js-file-line">  title        = {Mixing Loops},</td>
      </tr>
      <tr>
        <td id="L16" class="blob-num js-line-number" data-line-number="16"></td>
        <td id="LC16" class="blob-code blob-code-inner js-file-line">  howpublished = {<span class="pl-c1">\url</span>{http://www.softcontrol.dk/systemer/system-description/heating/mixing-loops/?lang=en}},</td>
      </tr>
      <tr>
        <td id="L17" class="blob-num js-line-number" data-line-number="17"></td>
        <td id="LC17" class="blob-code blob-code-inner js-file-line">  month        = sep,</td>
      </tr>
      <tr>
        <td id="L18" class="blob-num js-line-number" data-line-number="18"></td>
        <td id="LC18" class="blob-code blob-code-inner js-file-line">  year         = {2017},</td>
      </tr>
      <tr>
        <td id="L19" class="blob-num js-line-number" data-line-number="19"></td>
        <td id="LC19" class="blob-code blob-code-inner js-file-line">  timestamp    = {2017-09-11},</td>
      </tr>
      <tr>
        <td id="L20" class="blob-num js-line-number" data-line-number="20"></td>
        <td id="LC20" class="blob-code blob-code-inner js-file-line">  url          = {http://www.softcontrol.dk/systemer/system-description/heating/mixing-loops/?lang=en},</td>
      </tr>
      <tr>
        <td id="L21" class="blob-num js-line-number" data-line-number="21"></td>
        <td id="LC21" class="blob-code blob-code-inner js-file-line">}</td>
      </tr>
      <tr>
        <td id="L22" class="blob-num js-line-number" data-line-number="22"></td>
        <td id="LC22" class="blob-code blob-code-inner js-file-line">
</td>
      </tr>
      <tr>
        <td id="L23" class="blob-num js-line-number" data-line-number="23"></td>
        <td id="LC23" class="blob-code blob-code-inner js-file-line">@Article{tore_hagglund,</td>
      </tr>
      <tr>
        <td id="L24" class="blob-num js-line-number" data-line-number="24"></td>
        <td id="LC24" class="blob-code blob-code-inner js-file-line">  author    = {Tore HÃ¤gglund},</td>
      </tr>
      <tr>
        <td id="L25" class="blob-num js-line-number" data-line-number="25"></td>
        <td id="LC25" class="blob-code blob-code-inner js-file-line">  title     = {Automatic on-line estimation of backlash in control loops},</td>
      </tr>
      <tr>
        <td id="L26" class="blob-num js-line-number" data-line-number="26"></td>
        <td id="LC26" class="blob-code blob-code-inner js-file-line">  journal   = {Journal of process control},</td>
      </tr>
      <tr>
        <td id="L27" class="blob-num js-line-number" data-line-number="27"></td>
        <td id="LC27" class="blob-code blob-code-inner js-file-line">  year      = {2007},</td>
      </tr>
      <tr>
        <td id="L28" class="blob-num js-line-number" data-line-number="28"></td>
        <td id="LC28" class="blob-code blob-code-inner js-file-line">  timestamp = {2017-09-11},</td>
      </tr>
      <tr>
        <td id="L29" class="blob-num js-line-number" data-line-number="29"></td>
        <td id="LC29" class="blob-code blob-code-inner js-file-line">}</td>
      </tr>
      <tr>
        <td id="L30" class="blob-num js-line-number" data-line-number="30"></td>
        <td id="LC30" class="blob-code blob-code-inner js-file-line">
</td>
      </tr>
      <tr>
        <td id="L31" class="blob-num js-line-number" data-line-number="31"></td>
        <td id="LC31" class="blob-code blob-code-inner js-file-line">@Misc{brian,</td>
      </tr>
      <tr>
        <td id="L32" class="blob-num js-line-number" data-line-number="32"></td>
        <td id="LC32" class="blob-code blob-code-inner js-file-line">  author = {Brian Nielsen Kongsgaard},</td>
      </tr>
      <tr>
        <td id="L33" class="blob-num js-line-number" data-line-number="33"></td>
        <td id="LC33" class="blob-code blob-code-inner js-file-line">  title  = {Grundfos knowledge},</td>
      </tr>
      <tr>
        <td id="L34" class="blob-num js-line-number" data-line-number="34"></td>
        <td id="LC34" class="blob-code blob-code-inner js-file-line">  month  = sep,</td>
      </tr>
      <tr>
        <td id="L35" class="blob-num js-line-number" data-line-number="35"></td>
        <td id="LC35" class="blob-code blob-code-inner js-file-line">  year   = {2017},</td>
      </tr>
      <tr>
        <td id="L36" class="blob-num js-line-number" data-line-number="36"></td>
        <td id="LC36" class="blob-code blob-code-inner js-file-line">}</td>
      </tr>
      <tr>
        <td id="L37" class="blob-num js-line-number" data-line-number="37"></td>
        <td id="LC37" class="blob-code blob-code-inner js-file-line">
</td>
      </tr>
      <tr>
        <td id="L38" class="blob-num js-line-number" data-line-number="38"></td>
        <td id="LC38" class="blob-code blob-code-inner js-file-line">@Book{adaptive_control_of_systems,</td>
      </tr>
      <tr>
        <td id="L39" class="blob-num js-line-number" data-line-number="39"></td>
        <td id="LC39" class="blob-code blob-code-inner js-file-line">  title     = {Adaptive control of systems with actuator and sensor nonlinearities},</td>
      </tr>
      <tr>
        <td id="L40" class="blob-num js-line-number" data-line-number="40"></td>
        <td id="LC40" class="blob-code blob-code-inner js-file-line">  publisher = {Wiley-interscience},</td>
      </tr>
      <tr>
        <td id="L41" class="blob-num js-line-number" data-line-number="41"></td>
        <td id="LC41" class="blob-code blob-code-inner js-file-line">  year      = {1996},</td>
      </tr>
      <tr>
        <td id="L42" class="blob-num js-line-number" data-line-number="42"></td>
        <td id="LC42" class="blob-code blob-code-inner js-file-line">  author    = {Gang Tao and Petar V. Kokotovic},</td>
      </tr>
      <tr>
        <td id="L43" class="blob-num js-line-number" data-line-number="43"></td>
        <td id="LC43" class="blob-code blob-code-inner js-file-line">  editor    = {Simon Haykin},</td>
      </tr>
      <tr>
        <td id="L44" class="blob-num js-line-number" data-line-number="44"></td>
        <td id="LC44" class="blob-code blob-code-inner js-file-line">}</td>
      </tr>
      <tr>
        <td id="L45" class="blob-num js-line-number" data-line-number="45"></td>
        <td id="LC45" class="blob-code blob-code-inner js-file-line">
</td>
      </tr>
      <tr>
        <td id="L46" class="blob-num js-line-number" data-line-number="46"></td>
        <td id="LC46" class="blob-code blob-code-inner js-file-line">@Article{valve_backlash_stiction,</td>
      </tr>
      <tr>
        <td id="L47" class="blob-num js-line-number" data-line-number="47"></td>
        <td id="LC47" class="blob-code blob-code-inner js-file-line">  author  = {M. Farenzena and J. O. Trierweiler},</td>
      </tr>
      <tr>
        <td id="L48" class="blob-num js-line-number" data-line-number="48"></td>
        <td id="LC48" class="blob-code blob-code-inner js-file-line">  title   = {Valve backlash and stiction detection in integrating processes},</td>
      </tr>
      <tr>
        <td id="L49" class="blob-num js-line-number" data-line-number="49"></td>
        <td id="LC49" class="blob-code blob-code-inner js-file-line">  journal = {8th IFAC Symposium on Advanced Control of Chemical Processes},</td>
      </tr>
      <tr>
        <td id="L50" class="blob-num js-line-number" data-line-number="50"></td>
        <td id="LC50" class="blob-code blob-code-inner js-file-line">  year    = {2012},</td>
      </tr>
      <tr>
        <td id="L51" class="blob-num js-line-number" data-line-number="51"></td>
        <td id="LC51" class="blob-code blob-code-inner js-file-line">}</td>
      </tr>
      <tr>
        <td id="L52" class="blob-num js-line-number" data-line-number="52"></td>
        <td id="LC52" class="blob-code blob-code-inner js-file-line">
</td>
      </tr>
      <tr>
        <td id="L53" class="blob-num js-line-number" data-line-number="53"></td>
        <td id="LC53" class="blob-code blob-code-inner js-file-line">@Misc{rosemount,</td>
      </tr>
      <tr>
        <td id="L54" class="blob-num js-line-number" data-line-number="54"></td>
        <td id="LC54" class="blob-code blob-code-inner js-file-line">  author    = {A. Fisher-Rosemount},</td>
      </tr>
      <tr>
        <td id="L55" class="blob-num js-line-number" data-line-number="55"></td>
        <td id="LC55" class="blob-code blob-code-inner js-file-line">  title     = {Control Valve Handbook},</td>
      </tr>
      <tr>
        <td id="L56" class="blob-num js-line-number" data-line-number="56"></td>
        <td id="LC56" class="blob-code blob-code-inner js-file-line">  month     = sep,</td>
      </tr>
      <tr>
        <td id="L57" class="blob-num js-line-number" data-line-number="57"></td>
        <td id="LC57" class="blob-code blob-code-inner js-file-line">  year      = {1999},</td>
      </tr>
      <tr>
        <td id="L58" class="blob-num js-line-number" data-line-number="58"></td>
        <td id="LC58" class="blob-code blob-code-inner js-file-line">  timestamp = {2017-09-13},</td>
      </tr>
      <tr>
        <td id="L59" class="blob-num js-line-number" data-line-number="59"></td>
        <td id="LC59" class="blob-code blob-code-inner js-file-line">}</td>
      </tr>
      <tr>
        <td id="L60" class="blob-num js-line-number" data-line-number="60"></td>
        <td id="LC60" class="blob-code blob-code-inner js-file-line">
</td>
      </tr>
      <tr>
        <td id="L61" class="blob-num js-line-number" data-line-number="61"></td>
        <td id="LC61" class="blob-code blob-code-inner js-file-line">@Article{tore_hagglund_2,</td>
      </tr>
      <tr>
        <td id="L62" class="blob-num js-line-number" data-line-number="62"></td>
        <td id="LC62" class="blob-code blob-code-inner js-file-line">  author  = {Tore HÃ¤gglund},</td>
      </tr>
      <tr>
        <td id="L63" class="blob-num js-line-number" data-line-number="63"></td>
        <td id="LC63" class="blob-code blob-code-inner js-file-line">  title   = {A friction compensator for pneumatic control valves},</td>
      </tr>
      <tr>
        <td id="L64" class="blob-num js-line-number" data-line-number="64"></td>
        <td id="LC64" class="blob-code blob-code-inner js-file-line">  journal = {Journal of process control},</td>
      </tr>
      <tr>
        <td id="L65" class="blob-num js-line-number" data-line-number="65"></td>
        <td id="LC65" class="blob-code blob-code-inner js-file-line">  year    = {2002},</td>
      </tr>
      <tr>
        <td id="L66" class="blob-num js-line-number" data-line-number="66"></td>
        <td id="LC66" class="blob-code blob-code-inner js-file-line">}</td>
      </tr>
      <tr>
        <td id="L67" class="blob-num js-line-number" data-line-number="67"></td>
        <td id="LC67" class="blob-code blob-code-inner js-file-line">
</td>
      </tr>
      <tr>
        <td id="L68" class="blob-num js-line-number" data-line-number="68"></td>
        <td id="LC68" class="blob-code blob-code-inner js-file-line">@Article{two_step_compensation,</td>
      </tr>
      <tr>
        <td id="L69" class="blob-num js-line-number" data-line-number="69"></td>
        <td id="LC69" class="blob-code blob-code-inner js-file-line">  author  = {Ranganathan Srinivasan and Raghunathan Rengaswamy},</td>
      </tr>
      <tr>
        <td id="L70" class="blob-num js-line-number" data-line-number="70"></td>
        <td id="LC70" class="blob-code blob-code-inner js-file-line">  title   = {Approaches for efficient stiction compensation in process control valves},</td>
      </tr>
      <tr>
        <td id="L71" class="blob-num js-line-number" data-line-number="71"></td>
        <td id="LC71" class="blob-code blob-code-inner js-file-line">  journal = {Computers and Chemical Engineering 32},</td>
      </tr>
      <tr>
        <td id="L72" class="blob-num js-line-number" data-line-number="72"></td>
        <td id="LC72" class="blob-code blob-code-inner js-file-line">  year    = {2008},</td>
      </tr>
      <tr>
        <td id="L73" class="blob-num js-line-number" data-line-number="73"></td>
        <td id="LC73" class="blob-code blob-code-inner js-file-line">}</td>
      </tr>
      <tr>
        <td id="L74" class="blob-num js-line-number" data-line-number="74"></td>
        <td id="LC74" class="blob-code blob-code-inner js-file-line">
</td>
      </tr>
      <tr>
        <td id="L75" class="blob-num js-line-number" data-line-number="75"></td>
        <td id="LC75" class="blob-code blob-code-inner js-file-line">@Article{horch,</td>
      </tr>
      <tr>
        <td id="L76" class="blob-num js-line-number" data-line-number="76"></td>
        <td id="LC76" class="blob-code blob-code-inner js-file-line">  author  = {Alexander Horch},</td>
      </tr>
      <tr>
        <td id="L77" class="blob-num js-line-number" data-line-number="77"></td>
        <td id="LC77" class="blob-code blob-code-inner js-file-line">  title   = {A simple method for detection of stiction in control valves},</td>
      </tr>
      <tr>
        <td id="L78" class="blob-num js-line-number" data-line-number="78"></td>
        <td id="LC78" class="blob-code blob-code-inner js-file-line">  journal = {Alexander Horch},</td>
      </tr>
      <tr>
        <td id="L79" class="blob-num js-line-number" data-line-number="79"></td>
        <td id="LC79" class="blob-code blob-code-inner js-file-line">  year    = {1999},</td>
      </tr>
      <tr>
        <td id="L80" class="blob-num js-line-number" data-line-number="80"></td>
        <td id="LC80" class="blob-code blob-code-inner js-file-line">}</td>
      </tr>
      <tr>
        <td id="L81" class="blob-num js-line-number" data-line-number="81"></td>
        <td id="LC81" class="blob-code blob-code-inner js-file-line">
</td>
      </tr>
      <tr>
        <td id="L82" class="blob-num js-line-number" data-line-number="82"></td>
        <td id="LC82" class="blob-code blob-code-inner js-file-line">@Article{choudhury,</td>
      </tr>
      <tr>
        <td id="L83" class="blob-num js-line-number" data-line-number="83"></td>
        <td id="LC83" class="blob-code blob-code-inner js-file-line">  author  = {M.A.A. Shoukat Choudhury and Mridul Jain and Sirish L. Shah},</td>
      </tr>
      <tr>
        <td id="L84" class="blob-num js-line-number" data-line-number="84"></td>
        <td id="LC84" class="blob-code blob-code-inner js-file-line">  title   = {Stiction â definition, modelling, detection and quantification},</td>
      </tr>
      <tr>
        <td id="L85" class="blob-num js-line-number" data-line-number="85"></td>
        <td id="LC85" class="blob-code blob-code-inner js-file-line">  journal = {Journal of Process Control 18},</td>
      </tr>
      <tr>
        <td id="L86" class="blob-num js-line-number" data-line-number="86"></td>
        <td id="LC86" class="blob-code blob-code-inner js-file-line">  year    = {2008},</td>
      </tr>
      <tr>
        <td id="L87" class="blob-num js-line-number" data-line-number="87"></td>
        <td id="LC87" class="blob-code blob-code-inner js-file-line">}</td>
      </tr>
      <tr>
        <td id="L88" class="blob-num js-line-number" data-line-number="88"></td>
        <td id="LC88" class="blob-code blob-code-inner js-file-line">
</td>
      </tr>
      <tr>
        <td id="L89" class="blob-num js-line-number" data-line-number="89"></td>
        <td id="LC89" class="blob-code blob-code-inner js-file-line">@TechReport{boysen,</td>
      </tr>
      <tr>
        <td id="L90" class="blob-num js-line-number" data-line-number="90"></td>
        <td id="LC90" class="blob-code blob-code-inner js-file-line">  author      = {Herman Boysen},</td>
      </tr>
      <tr>
        <td id="L91" class="blob-num js-line-number" data-line-number="91"></td>
        <td id="LC91" class="blob-code blob-code-inner js-file-line">  title       = {kV: what, why, how, whence?},</td>
      </tr>
      <tr>
        <td id="L92" class="blob-num js-line-number" data-line-number="92"></td>
        <td id="LC92" class="blob-code blob-code-inner js-file-line">  institution = {Danfoss},</td>
      </tr>
      <tr>
        <td id="L93" class="blob-num js-line-number" data-line-number="93"></td>
        <td id="LC93" class="blob-code blob-code-inner js-file-line">  year        = {2011},</td>
      </tr>
      <tr>
        <td id="L94" class="blob-num js-line-number" data-line-number="94"></td>
        <td id="LC94" class="blob-code blob-code-inner js-file-line">}</td>
      </tr>
      <tr>
        <td id="L95" class="blob-num js-line-number" data-line-number="95"></td>
        <td id="LC95" class="blob-code blob-code-inner js-file-line">
</td>
      </tr>
      <tr>
        <td id="L96" class="blob-num js-line-number" data-line-number="96"></td>
        <td id="LC96" class="blob-code blob-code-inner js-file-line">@Misc{engineeringtoolbox,</td>
      </tr>
      <tr>
        <td id="L97" class="blob-num js-line-number" data-line-number="97"></td>
        <td id="LC97" class="blob-code blob-code-inner js-file-line">  author       = {Engineering ToolBox},</td>
      </tr>
      <tr>
        <td id="L98" class="blob-num js-line-number" data-line-number="98"></td>
        <td id="LC98" class="blob-code blob-code-inner js-file-line">  title        = {Control Valves and Flow Characteristics},</td>
      </tr>
      <tr>
        <td id="L99" class="blob-num js-line-number" data-line-number="99"></td>
        <td id="LC99" class="blob-code blob-code-inner js-file-line">  howpublished = {Engineering Toolbox},</td>
      </tr>
      <tr>
        <td id="L100" class="blob-num js-line-number" data-line-number="100"></td>
        <td id="LC100" class="blob-code blob-code-inner js-file-line">  month        = oct,</td>
      </tr>
      <tr>
        <td id="L101" class="blob-num js-line-number" data-line-number="101"></td>
        <td id="LC101" class="blob-code blob-code-inner js-file-line">  year         = {2017},</td>
      </tr>
      <tr>
        <td id="L102" class="blob-num js-line-number" data-line-number="102"></td>
        <td id="LC102" class="blob-code blob-code-inner js-file-line">  timestamp    = {2017-10-09},</td>
      </tr>
      <tr>
        <td id="L103" class="blob-num js-line-number" data-line-number="103"></td>
        <td id="LC103" class="blob-code blob-code-inner js-file-line">  url          = {http://www.engineeringtoolbox.com/control-valves-flow-characteristics-d_485.html?_sm_au_=iVVV7Mgq40KQWFNN},</td>
      </tr>
      <tr>
        <td id="L104" class="blob-num js-line-number" data-line-number="104"></td>
        <td id="LC104" class="blob-code blob-code-inner js-file-line">}</td>
      </tr>
      <tr>
        <td id="L105" class="blob-num js-line-number" data-line-number="105"></td>
        <td id="LC105" class="blob-code blob-code-inner js-file-line">
</td>
      </tr>
      <tr>
        <td id="L106" class="blob-num js-line-number" data-line-number="106"></td>
        <td id="LC106" class="blob-code blob-code-inner js-file-line">@Misc{flow_characteristics,</td>
      </tr>
      <tr>
        <td id="L107" class="blob-num js-line-number" data-line-number="107"></td>
        <td id="LC107" class="blob-code blob-code-inner js-file-line">  author = {Spirax Sarco},</td>
      </tr>
      <tr>
        <td id="L108" class="blob-num js-line-number" data-line-number="108"></td>
        <td id="LC108" class="blob-code blob-code-inner js-file-line">  title  = {Control Valve Characteristics},</td>
      </tr>
      <tr>
        <td id="L109" class="blob-num js-line-number" data-line-number="109"></td>
        <td id="LC109" class="blob-code blob-code-inner js-file-line">  year   = {2017},</td>
      </tr>
      <tr>
        <td id="L110" class="blob-num js-line-number" data-line-number="110"></td>
        <td id="LC110" class="blob-code blob-code-inner js-file-line">}</td>
      </tr>
      <tr>
        <td id="L111" class="blob-num js-line-number" data-line-number="111"></td>
        <td id="LC111" class="blob-code blob-code-inner js-file-line">
</td>
      </tr>
      <tr>
        <td id="L112" class="blob-num js-line-number" data-line-number="112"></td>
        <td id="LC112" class="blob-code blob-code-inner js-file-line">@Misc{belimo,</td>
      </tr>
      <tr>
        <td id="L113" class="blob-num js-line-number" data-line-number="113"></td>
        <td id="LC113" class="blob-code blob-code-inner js-file-line">  author = {Belimo},</td>
      </tr>
      <tr>
        <td id="L114" class="blob-num js-line-number" data-line-number="114"></td>
        <td id="LC114" class="blob-code blob-code-inner js-file-line">  title  = {Belimo actuator picture},</td>
      </tr>
      <tr>
        <td id="L115" class="blob-num js-line-number" data-line-number="115"></td>
        <td id="LC115" class="blob-code blob-code-inner js-file-line">  month  = oct,</td>
      </tr>
      <tr>
        <td id="L116" class="blob-num js-line-number" data-line-number="116"></td>
        <td id="LC116" class="blob-code blob-code-inner js-file-line">  year   = {2017},</td>
      </tr>
      <tr>
        <td id="L117" class="blob-num js-line-number" data-line-number="117"></td>
        <td id="LC117" class="blob-code blob-code-inner js-file-line">  url    = {www.Belimo.dk},</td>
      </tr>
      <tr>
        <td id="L118" class="blob-num js-line-number" data-line-number="118"></td>
        <td id="LC118" class="blob-code blob-code-inner js-file-line">}</td>
      </tr>
      <tr>
        <td id="L119" class="blob-num js-line-number" data-line-number="119"></td>
        <td id="LC119" class="blob-code blob-code-inner js-file-line">
</td>
      </tr>
      <tr>
        <td id="L120" class="blob-num js-line-number" data-line-number="120"></td>
        <td id="LC120" class="blob-code blob-code-inner js-file-line">@Misc{backlash_picture,</td>
      </tr>
      <tr>
        <td id="L121" class="blob-num js-line-number" data-line-number="121"></td>
        <td id="LC121" class="blob-code blob-code-inner js-file-line">  author = {S.B.A. INVENT},</td>
      </tr>
      <tr>
        <td id="L122" class="blob-num js-line-number" data-line-number="122"></td>
        <td id="LC122" class="blob-code blob-code-inner js-file-line">  title  = {Gearing System: Backlash},</td>
      </tr>
      <tr>
        <td id="L123" class="blob-num js-line-number" data-line-number="123"></td>
        <td id="LC123" class="blob-code blob-code-inner js-file-line">  month  = oct,</td>
      </tr>
      <tr>
        <td id="L124" class="blob-num js-line-number" data-line-number="124"></td>
        <td id="LC124" class="blob-code blob-code-inner js-file-line">  year   = {2017},</td>
      </tr>
      <tr>
        <td id="L125" class="blob-num js-line-number" data-line-number="125"></td>
        <td id="LC125" class="blob-code blob-code-inner js-file-line">}</td>
      </tr>
      <tr>
        <td id="L126" class="blob-num js-line-number" data-line-number="126"></td>
        <td id="LC126" class="blob-code blob-code-inner js-file-line">
</td>
      </tr>
      <tr>
        <td id="L127" class="blob-num js-line-number" data-line-number="127"></td>
        <td id="LC127" class="blob-code blob-code-inner js-file-line">@Misc{gears,</td>
      </tr>
      <tr>
        <td id="L128" class="blob-num js-line-number" data-line-number="128"></td>
        <td id="LC128" class="blob-code blob-code-inner js-file-line">  author = {Gears},</td>
      </tr>
      <tr>
        <td id="L129" class="blob-num js-line-number" data-line-number="129"></td>
        <td id="LC129" class="blob-code blob-code-inner js-file-line">  title  = {The way gear worsks},</td>
      </tr>
      <tr>
        <td id="L130" class="blob-num js-line-number" data-line-number="130"></td>
        <td id="LC130" class="blob-code blob-code-inner js-file-line">  month  = oct,</td>
      </tr>
      <tr>
        <td id="L131" class="blob-num js-line-number" data-line-number="131"></td>
        <td id="LC131" class="blob-code blob-code-inner js-file-line">  year   = {2017},</td>
      </tr>
      <tr>
        <td id="L132" class="blob-num js-line-number" data-line-number="132"></td>
        <td id="LC132" class="blob-code blob-code-inner js-file-line">}</td>
      </tr>
      <tr>
        <td id="L133" class="blob-num js-line-number" data-line-number="133"></td>
        <td id="LC133" class="blob-code blob-code-inner js-file-line">
</td>
      </tr>
      <tr>
        <td id="L134" class="blob-num js-line-number" data-line-number="134"></td>
        <td id="LC134" class="blob-code blob-code-inner js-file-line">@Misc{ball_valve_pic,</td>
      </tr>
      <tr>
        <td id="L135" class="blob-num js-line-number" data-line-number="135"></td>
        <td id="LC135" class="blob-code blob-code-inner js-file-line">  author       = {Engineering},</td>
      </tr>
      <tr>
        <td id="L136" class="blob-num js-line-number" data-line-number="136"></td>
        <td id="LC136" class="blob-code blob-code-inner js-file-line">  title        = {Ball Valves Information},</td>
      </tr>
      <tr>
        <td id="L137" class="blob-num js-line-number" data-line-number="137"></td>
        <td id="LC137" class="blob-code blob-code-inner js-file-line">  howpublished = {IEEE Globalspec},</td>
      </tr>
      <tr>
        <td id="L138" class="blob-num js-line-number" data-line-number="138"></td>
        <td id="LC138" class="blob-code blob-code-inner js-file-line">  month        = oct,</td>
      </tr>
      <tr>
        <td id="L139" class="blob-num js-line-number" data-line-number="139"></td>
        <td id="LC139" class="blob-code blob-code-inner js-file-line">  year         = {2017},</td>
      </tr>
      <tr>
        <td id="L140" class="blob-num js-line-number" data-line-number="140"></td>
        <td id="LC140" class="blob-code blob-code-inner js-file-line">}</td>
      </tr>
      <tr>
        <td id="L141" class="blob-num js-line-number" data-line-number="141"></td>
        <td id="LC141" class="blob-code blob-code-inner js-file-line">
</td>
      </tr>
      <tr>
        <td id="L142" class="blob-num js-line-number" data-line-number="142"></td>
        <td id="LC142" class="blob-code blob-code-inner js-file-line">@InBook{dc_motor,</td>
      </tr>
      <tr>
        <td id="L143" class="blob-num js-line-number" data-line-number="143"></td>
        <td id="LC143" class="blob-code blob-code-inner js-file-line">  chapter   = {2},</td>
      </tr>
      <tr>
        <td id="L144" class="blob-num js-line-number" data-line-number="144"></td>
        <td id="LC144" class="blob-code blob-code-inner js-file-line">  pages     = {14-19},</td>
      </tr>
      <tr>
        <td id="L145" class="blob-num js-line-number" data-line-number="145"></td>
        <td id="LC145" class="blob-code blob-code-inner js-file-line">  title     = {DC motoren},</td>
      </tr>
      <tr>
        <td id="L146" class="blob-num js-line-number" data-line-number="146"></td>
        <td id="LC146" class="blob-code blob-code-inner js-file-line">  publisher = {Aalborg University},</td>
      </tr>
      <tr>
        <td id="L147" class="blob-num js-line-number" data-line-number="147"></td>
        <td id="LC147" class="blob-code blob-code-inner js-file-line">  year      = {2015},</td>
      </tr>
      <tr>
        <td id="L148" class="blob-num js-line-number" data-line-number="148"></td>
        <td id="LC148" class="blob-code blob-code-inner js-file-line">  author    = {Tom SÃ¸ndergaard Pedersen},</td>
      </tr>
      <tr>
        <td id="L149" class="blob-num js-line-number" data-line-number="149"></td>
        <td id="LC149" class="blob-code blob-code-inner js-file-line">}</td>
      </tr>
      <tr>
        <td id="L150" class="blob-num js-line-number" data-line-number="150"></td>
        <td id="LC150" class="blob-code blob-code-inner js-file-line">
</td>
      </tr>
      <tr>
        <td id="L151" class="blob-num js-line-number" data-line-number="151"></td>
        <td id="LC151" class="blob-code blob-code-inner js-file-line">@Book{thermo_dym_note,</td>
      </tr>
      <tr>
        <td id="L152" class="blob-num js-line-number" data-line-number="152"></td>
        <td id="LC152" class="blob-code blob-code-inner js-file-line">  title     = {Control-oriented modeling of thermodynami c systems},</td>
      </tr>
      <tr>
        <td id="L153" class="blob-num js-line-number" data-line-number="153"></td>
        <td id="LC153" class="blob-code blob-code-inner js-file-line">  publisher = {Aalborg University},</td>
      </tr>
      <tr>
        <td id="L154" class="blob-num js-line-number" data-line-number="154"></td>
        <td id="LC154" class="blob-code blob-code-inner js-file-line">  year      = {2016},</td>
      </tr>
      <tr>
        <td id="L155" class="blob-num js-line-number" data-line-number="155"></td>
        <td id="LC155" class="blob-code blob-code-inner js-file-line">  author    = {Tom S. Pedersen and Palle Andersen},</td>
      </tr>
      <tr>
        <td id="L156" class="blob-num js-line-number" data-line-number="156"></td>
        <td id="LC156" class="blob-code blob-code-inner js-file-line">}</td>
      </tr>
      <tr>
        <td id="L157" class="blob-num js-line-number" data-line-number="157"></td>
        <td id="LC157" class="blob-code blob-code-inner js-file-line">
</td>
      </tr>
      <tr>
        <td id="L158" class="blob-num js-line-number" data-line-number="158"></td>
        <td id="LC158" class="blob-code blob-code-inner js-file-line">@TechReport{belimo_datasheet,</td>
      </tr>
      <tr>
        <td id="L159" class="blob-num js-line-number" data-line-number="159"></td>
        <td id="LC159" class="blob-code blob-code-inner js-file-line">  author      = {Belimo},</td>
      </tr>
      <tr>
        <td id="L160" class="blob-num js-line-number" data-line-number="160"></td>
        <td id="LC160" class="blob-code blob-code-inner js-file-line">  title       = {Technical data sheet - LR24A-SR},</td>
      </tr>
      <tr>
        <td id="L161" class="blob-num js-line-number" data-line-number="161"></td>
        <td id="LC161" class="blob-code blob-code-inner js-file-line">  institution = {BELIMO},</td>
      </tr>
      <tr>
        <td id="L162" class="blob-num js-line-number" data-line-number="162"></td>
        <td id="LC162" class="blob-code blob-code-inner js-file-line">  year        = {2014},</td>
      </tr>
      <tr>
        <td id="L163" class="blob-num js-line-number" data-line-number="163"></td>
        <td id="LC163" class="blob-code blob-code-inner js-file-line">}</td>
      </tr>
      <tr>
        <td id="L164" class="blob-num js-line-number" data-line-number="164"></td>
        <td id="LC164" class="blob-code blob-code-inner js-file-line">
</td>
      </tr>
      <tr>
        <td id="L165" class="blob-num js-line-number" data-line-number="165"></td>
        <td id="LC165" class="blob-code blob-code-inner js-file-line">@TechReport{belimo_lrq,</td>
      </tr>
      <tr>
        <td id="L166" class="blob-num js-line-number" data-line-number="166"></td>
        <td id="LC166" class="blob-code blob-code-inner js-file-line">  author      = {Belimo},</td>
      </tr>
      <tr>
        <td id="L167" class="blob-num js-line-number" data-line-number="167"></td>
        <td id="LC167" class="blob-code blob-code-inner js-file-line">  title       = {Technical data sheet - LRQ24A-SR},</td>
      </tr>
      <tr>
        <td id="L168" class="blob-num js-line-number" data-line-number="168"></td>
        <td id="LC168" class="blob-code blob-code-inner js-file-line">  institution = {BELIMO},</td>
      </tr>
      <tr>
        <td id="L169" class="blob-num js-line-number" data-line-number="169"></td>
        <td id="LC169" class="blob-code blob-code-inner js-file-line">  year        = {2008},</td>
      </tr>
      <tr>
        <td id="L170" class="blob-num js-line-number" data-line-number="170"></td>
        <td id="LC170" class="blob-code blob-code-inner js-file-line">}</td>
      </tr>
      <tr>
        <td id="L171" class="blob-num js-line-number" data-line-number="171"></td>
        <td id="LC171" class="blob-code blob-code-inner js-file-line">
</td>
      </tr>
      <tr>
        <td id="L172" class="blob-num js-line-number" data-line-number="172"></td>
        <td id="LC172" class="blob-code blob-code-inner js-file-line">@Book{beaglebone,</td>
      </tr>
      <tr>
        <td id="L173" class="blob-num js-line-number" data-line-number="173"></td>
        <td id="LC173" class="blob-code blob-code-inner js-file-line">  title     = {Exploring BeagleBone tools and techniques for building with embedded linux},</td>
      </tr>
      <tr>
        <td id="L174" class="blob-num js-line-number" data-line-number="174"></td>
        <td id="LC174" class="blob-code blob-code-inner js-file-line">  publisher = {John Wiley <span class="pl-cce">\&amp;</span> Sons, Inc.},</td>
      </tr>
      <tr>
        <td id="L175" class="blob-num js-line-number" data-line-number="175"></td>
        <td id="LC175" class="blob-code blob-code-inner js-file-line">  year      = {2015},</td>
      </tr>
      <tr>
        <td id="L176" class="blob-num js-line-number" data-line-number="176"></td>
        <td id="LC176" class="blob-code blob-code-inner js-file-line">  author    = {Derek Molloy},</td>
      </tr>
      <tr>
        <td id="L177" class="blob-num js-line-number" data-line-number="177"></td>
        <td id="LC177" class="blob-code blob-code-inner js-file-line">}</td>
      </tr>
      <tr>
        <td id="L178" class="blob-num js-line-number" data-line-number="178"></td>
        <td id="LC178" class="blob-code blob-code-inner js-file-line">
</td>
      </tr>
      <tr>
        <td id="L179" class="blob-num js-line-number" data-line-number="179"></td>
        <td id="LC179" class="blob-code blob-code-inner js-file-line">@TechReport{Pressure_sensor,</td>
      </tr>
      <tr>
        <td id="L180" class="blob-num js-line-number" data-line-number="180"></td>
        <td id="LC180" class="blob-code blob-code-inner js-file-line">  author      = {Grundfos},</td>
      </tr>
      <tr>
        <td id="L181" class="blob-num js-line-number" data-line-number="181"></td>
        <td id="LC181" class="blob-code blob-code-inner js-file-line">  title       = {Pressure sensors Grundfos Direct Sensor},</td>
      </tr>
      <tr>
        <td id="L182" class="blob-num js-line-number" data-line-number="182"></td>
        <td id="LC182" class="blob-code blob-code-inner js-file-line">  institution = {Grundfos DATA BOOKLET},</td>
      </tr>
      <tr>
        <td id="L183" class="blob-num js-line-number" data-line-number="183"></td>
        <td id="LC183" class="blob-code blob-code-inner js-file-line">  year        = {2017},</td>
      </tr>
      <tr>
        <td id="L184" class="blob-num js-line-number" data-line-number="184"></td>
        <td id="LC184" class="blob-code blob-code-inner js-file-line">}</td>
      </tr>
      <tr>
        <td id="L185" class="blob-num js-line-number" data-line-number="185"></td>
        <td id="LC185" class="blob-code blob-code-inner js-file-line">
</td>
      </tr>
      <tr>
        <td id="L186" class="blob-num js-line-number" data-line-number="186"></td>
        <td id="LC186" class="blob-code blob-code-inner js-file-line">@TechReport{flow_sensors_data,</td>
      </tr>
      <tr>
        <td id="L187" class="blob-num js-line-number" data-line-number="187"></td>
        <td id="LC187" class="blob-code blob-code-inner js-file-line">  author      = {Grundfos},</td>
      </tr>
      <tr>
        <td id="L188" class="blob-num js-line-number" data-line-number="188"></td>
        <td id="LC188" class="blob-code blob-code-inner js-file-line">  title       = {Flow sensor Grundfos Direct Sensors},</td>
      </tr>
      <tr>
        <td id="L189" class="blob-num js-line-number" data-line-number="189"></td>
        <td id="LC189" class="blob-code blob-code-inner js-file-line">  institution = {GRUNDFOS DATA BOOKLET},</td>
      </tr>
      <tr>
        <td id="L190" class="blob-num js-line-number" data-line-number="190"></td>
        <td id="LC190" class="blob-code blob-code-inner js-file-line">  year        = {2017},</td>
      </tr>
      <tr>
        <td id="L191" class="blob-num js-line-number" data-line-number="191"></td>
        <td id="LC191" class="blob-code blob-code-inner js-file-line">}</td>
      </tr>
      <tr>
        <td id="L192" class="blob-num js-line-number" data-line-number="192"></td>
        <td id="LC192" class="blob-code blob-code-inner js-file-line">
</td>
      </tr>
      <tr>
        <td id="L193" class="blob-num js-line-number" data-line-number="193"></td>
        <td id="LC193" class="blob-code blob-code-inner js-file-line">@Misc{swamee_pipe,</td>
      </tr>
      <tr>
        <td id="L194" class="blob-num js-line-number" data-line-number="194"></td>
        <td id="LC194" class="blob-code blob-code-inner js-file-line">  author = {Prabhata K. Swamee, Ashok K. Sharma},</td>
      </tr>
      <tr>
        <td id="L195" class="blob-num js-line-number" data-line-number="195"></td>
        <td id="LC195" class="blob-code blob-code-inner js-file-line">  title  = {Design of Water Supply Pipe Networks},</td>
      </tr>
      <tr>
        <td id="L196" class="blob-num js-line-number" data-line-number="196"></td>
        <td id="LC196" class="blob-code blob-code-inner js-file-line">  year   = {2008},</td>
      </tr>
      <tr>
        <td id="L197" class="blob-num js-line-number" data-line-number="197"></td>
        <td id="LC197" class="blob-code blob-code-inner js-file-line">  note   = {ISBN-13:9780470225042, Publisher: John Wiley and Sons},</td>
      </tr>
      <tr>
        <td id="L198" class="blob-num js-line-number" data-line-number="198"></td>
        <td id="LC198" class="blob-code blob-code-inner js-file-line">}</td>
      </tr>
      <tr>
        <td id="L199" class="blob-num js-line-number" data-line-number="199"></td>
        <td id="LC199" class="blob-code blob-code-inner js-file-line">
</td>
      </tr>
      <tr>
        <td id="L200" class="blob-num js-line-number" data-line-number="200"></td>
        <td id="LC200" class="blob-code blob-code-inner js-file-line">@Misc{cent_pump_picture,</td>
      </tr>
      <tr>
        <td id="L201" class="blob-num js-line-number" data-line-number="201"></td>
        <td id="LC201" class="blob-code blob-code-inner js-file-line">  author = {Wermac},</td>
      </tr>
      <tr>
        <td id="L202" class="blob-num js-line-number" data-line-number="202"></td>
        <td id="LC202" class="blob-code blob-code-inner js-file-line">  title  = {Introduction to Pumps - Centrifugal Pump},</td>
      </tr>
      <tr>
        <td id="L203" class="blob-num js-line-number" data-line-number="203"></td>
        <td id="LC203" class="blob-code blob-code-inner js-file-line">  year   = {2016},</td>
      </tr>
      <tr>
        <td id="L204" class="blob-num js-line-number" data-line-number="204"></td>
        <td id="LC204" class="blob-code blob-code-inner js-file-line">  note   = {Last visited on 2016-21-03, <span class="pl-c1">\url</span>{http://www.wermac.org/equipment/pumps_centrifugal.html}},</td>
      </tr>
      <tr>
        <td id="L205" class="blob-num js-line-number" data-line-number="205"></td>
        <td id="LC205" class="blob-code blob-code-inner js-file-line">}</td>
      </tr>
      <tr>
        <td id="L206" class="blob-num js-line-number" data-line-number="206"></td>
        <td id="LC206" class="blob-code blob-code-inner js-file-line">
</td>
      </tr>
      <tr>
        <td id="L207" class="blob-num js-line-number" data-line-number="207"></td>
        <td id="LC207" class="blob-code blob-code-inner js-file-line">@Misc{kallesoe_pump,</td>
      </tr>
      <tr>
        <td id="L208" class="blob-num js-line-number" data-line-number="208"></td>
        <td id="LC208" class="blob-code blob-code-inner js-file-line">  author = {Carsten Skovmose KallesÃ¸e},</td>
      </tr>
      <tr>
        <td id="L209" class="blob-num js-line-number" data-line-number="209"></td>
        <td id="LC209" class="blob-code blob-code-inner js-file-line">  title  = {Fault Detection and Isolation in Centrifugal Pumps},</td>
      </tr>
      <tr>
        <td id="L210" class="blob-num js-line-number" data-line-number="210"></td>
        <td id="LC210" class="blob-code blob-code-inner js-file-line">  year   = {2005},</td>
      </tr>
      <tr>
        <td id="L211" class="blob-num js-line-number" data-line-number="211"></td>
        <td id="LC211" class="blob-code blob-code-inner js-file-line">  note   = {ISBN-10: 87-90664-22-1},</td>
      </tr>
      <tr>
        <td id="L212" class="blob-num js-line-number" data-line-number="212"></td>
        <td id="LC212" class="blob-code blob-code-inner js-file-line">}</td>
      </tr>
      <tr>
        <td id="L213" class="blob-num js-line-number" data-line-number="213"></td>
        <td id="LC213" class="blob-code blob-code-inner js-file-line">
</td>
      </tr>
      <tr>
        <td id="L214" class="blob-num js-line-number" data-line-number="214"></td>
        <td id="LC214" class="blob-code blob-code-inner js-file-line">@Book{Engineering_circuit_analysis,</td>
      </tr>
      <tr>
        <td id="L215" class="blob-num js-line-number" data-line-number="215"></td>
        <td id="LC215" class="blob-code blob-code-inner js-file-line">  title     = {Engineering circuit analysis},</td>
      </tr>
      <tr>
        <td id="L216" class="blob-num js-line-number" data-line-number="216"></td>
        <td id="LC216" class="blob-code blob-code-inner js-file-line">  publisher = {Wiley},</td>
      </tr>
      <tr>
        <td id="L217" class="blob-num js-line-number" data-line-number="217"></td>
        <td id="LC217" class="blob-code blob-code-inner js-file-line">  year      = {2011},</td>
      </tr>
      <tr>
        <td id="L218" class="blob-num js-line-number" data-line-number="218"></td>
        <td id="LC218" class="blob-code blob-code-inner js-file-line">  author    = {J. David Irwin and Robert M. Nelms},</td>
      </tr>
      <tr>
        <td id="L219" class="blob-num js-line-number" data-line-number="219"></td>
        <td id="LC219" class="blob-code blob-code-inner js-file-line">  editor    = {John Wiley},</td>
      </tr>
      <tr>
        <td id="L220" class="blob-num js-line-number" data-line-number="220"></td>
        <td id="LC220" class="blob-code blob-code-inner js-file-line">}</td>
      </tr>
      <tr>
        <td id="L221" class="blob-num js-line-number" data-line-number="221"></td>
        <td id="LC221" class="blob-code blob-code-inner js-file-line">
</td>
      </tr>
      <tr>
        <td id="L222" class="blob-num js-line-number" data-line-number="222"></td>
        <td id="LC222" class="blob-code blob-code-inner js-file-line">@Book{fundamentals_of_fluid_mechanics,</td>
      </tr>
      <tr>
        <td id="L223" class="blob-num js-line-number" data-line-number="223"></td>
        <td id="LC223" class="blob-code blob-code-inner js-file-line">  title     = {Fundamentals of fluid mechanics},</td>
      </tr>
      <tr>
        <td id="L224" class="blob-num js-line-number" data-line-number="224"></td>
        <td id="LC224" class="blob-code blob-code-inner js-file-line">  publisher = {Wiley},</td>
      </tr>
      <tr>
        <td id="L225" class="blob-num js-line-number" data-line-number="225"></td>
        <td id="LC225" class="blob-code blob-code-inner js-file-line">  year      = {1998},</td>
      </tr>
      <tr>
        <td id="L226" class="blob-num js-line-number" data-line-number="226"></td>
        <td id="LC226" class="blob-code blob-code-inner js-file-line">  author    = {Brunce R. Munson and Donald F. Young and Theodore H. Okiishi},</td>
      </tr>
      <tr>
        <td id="L227" class="blob-num js-line-number" data-line-number="227"></td>
        <td id="LC227" class="blob-code blob-code-inner js-file-line">  editor    = {John Wiley},</td>
      </tr>
      <tr>
        <td id="L228" class="blob-num js-line-number" data-line-number="228"></td>
        <td id="LC228" class="blob-code blob-code-inner js-file-line">}</td>
      </tr>
      <tr>
        <td id="L229" class="blob-num js-line-number" data-line-number="229"></td>
        <td id="LC229" class="blob-code blob-code-inner js-file-line">
</td>
      </tr>
      <tr>
        <td id="L230" class="blob-num js-line-number" data-line-number="230"></td>
        <td id="LC230" class="blob-code blob-code-inner js-file-line">@Comment{jabref-meta: databaseType:bibtex;}</td>
      </tr>
</table>

  <div class="BlobToolbar position-absolute js-file-line-actions dropdown js-menu-container js-select-menu d-none" aria-hidden="true">
    <button class="btn-octicon ml-0 px-2 p-0 bg-white border border-gray-dark rounded-1 dropdown-toggle js-menu-target" id="js-file-line-action-button" type="button" aria-expanded="false" aria-haspopup="true" aria-label="Inline file action toolbar" aria-controls="inline-file-actions">
      <svg aria-hidden="true" class="octicon octicon-kebab-horizontal" height="16" version="1.1" viewBox="0 0 13 16" width="13"><path fill-rule="evenodd" d="M1.5 9a1.5 1.5 0 1 1 0-3 1.5 1.5 0 0 1 0 3zm5 0a1.5 1.5 0 1 1 0-3 1.5 1.5 0 0 1 0 3zm5 0a1.5 1.5 0 1 1 0-3 1.5 1.5 0 0 1 0 3z"/></svg>
    </button>
    <div class="dropdown-menu-content js-menu-content" id="inline-file-actions">
      <ul class="BlobToolbar-dropdown dropdown-menu dropdown-menu-se mt-2">
        <li><a class="js-zeroclipboard dropdown-item" style="cursor:pointer;" id="js-copy-lines" data-original-text="Copy lines">Copy lines</a></li>
        <li><a class="js-zeroclipboard dropdown-item" id= "js-copy-permalink" style="cursor:pointer;" data-original-text="Copy permalink">Copy permalink</a></li>
        <li><a href="/tpilga12/P10/blame/9dacd376d2a4b5c6fa305222249d556618aa3f50/Latex/Bibliography.bib" class="dropdown-item js-update-url-with-hash" id="js-view-git-blame">View git blame</a></li>
          <li><a href="/tpilga12/P10/issues/new" class="dropdown-item" id="js-new-issue">Open new issue</a></li>
      </ul>
    </div>
  </div>

  </div>

  </div>

  <button type="button" data-facebox="#jump-to-line" data-facebox-class="linejump" data-hotkey="l" class="d-none">Jump to Line</button>
  <div id="jump-to-line" style="display:none">
    <!-- '"` --><!-- </textarea></xmp> --></option></form><form accept-charset="UTF-8" action="" class="js-jump-to-line-form" method="get"><div style="margin:0;padding:0;display:inline"><input name="utf8" type="hidden" value="&#x2713;" /></div>
      <input class="form-control linejump-input js-jump-to-line-field" type="text" placeholder="Jump to line&hellip;" aria-label="Jump to line" autofocus>
      <button type="submit" class="btn">Go</button>
</form>  </div>


  </div>
  <div class="modal-backdrop js-touch-events"></div>
</div>

    </div>
  </div>

  </div>

      
<div class="footer container-lg px-3" role="contentinfo">
  <div class="position-relative d-flex flex-justify-between py-6 mt-6 f6 text-gray border-top border-gray-light ">
    <ul class="list-style-none d-flex flex-wrap ">
      <li class="mr-3">&copy; 2018 <span title="0.28676s from unicorn-1203805004-m2r13">GitHub</span>, Inc.</li>
        <li class="mr-3"><a href="https://help.github.com/articles/github-terms-of-service/" data-ga-click="Footer, go to terms, text:terms">Terms</a></li>
        <li class="mr-3"><a href="https://github.com/site/privacy" data-ga-click="Footer, go to privacy, text:privacy">Privacy</a></li>
        <li class="mr-3"><a href="https://help.github.com/articles/github-security/" data-ga-click="Footer, go to security, text:security">Security</a></li>
        <li class="mr-3"><a href="https://status.github.com/" data-ga-click="Footer, go to status, text:status">Status</a></li>
        <li><a href="https://help.github.com" data-ga-click="Footer, go to help, text:help">Help</a></li>
    </ul>

    <a href="https://github.com" aria-label="Homepage" class="footer-octicon" title="GitHub">
      <svg aria-hidden="true" class="octicon octicon-mark-github" height="24" version="1.1" viewBox="0 0 16 16" width="24"><path fill-rule="evenodd" d="M8 0C3.58 0 0 3.58 0 8c0 3.54 2.29 6.53 5.47 7.59.4.07.55-.17.55-.38 0-.19-.01-.82-.01-1.49-2.01.37-2.53-.49-2.69-.94-.09-.23-.48-.94-.82-1.13-.28-.15-.68-.52-.01-.53.63-.01 1.08.58 1.23.82.72 1.21 1.87.87 2.33.66.07-.52.28-.87.51-1.07-1.78-.2-3.64-.89-3.64-3.95 0-.87.31-1.59.82-2.15-.08-.2-.36-1.02.08-2.12 0 0 .67-.21 2.2.82.64-.18 1.32-.27 2-.27.68 0 1.36.09 2 .27 1.53-1.04 2.2-.82 2.2-.82.44 1.1.16 1.92.08 2.12.51.56.82 1.27.82 2.15 0 3.07-1.87 3.75-3.65 3.95.29.25.54.73.54 1.48 0 1.07-.01 1.93-.01 2.2 0 .21.15.46.55.38A8.013 8.013 0 0 0 16 8c0-4.42-3.58-8-8-8z"/></svg>
</a>
    <ul class="list-style-none d-flex flex-wrap ">
        <li class="mr-3"><a href="https://github.com/contact" data-ga-click="Footer, go to contact, text:contact">Contact GitHub</a></li>
      <li class="mr-3"><a href="https://developer.github.com" data-ga-click="Footer, go to api, text:api">API</a></li>
      <li class="mr-3"><a href="https://training.github.com" data-ga-click="Footer, go to training, text:training">Training</a></li>
      <li class="mr-3"><a href="https://shop.github.com" data-ga-click="Footer, go to shop, text:shop">Shop</a></li>
        <li class="mr-3"><a href="https://github.com/blog" data-ga-click="Footer, go to blog, text:blog">Blog</a></li>
        <li><a href="https://github.com/about" data-ga-click="Footer, go to about, text:about">About</a></li>

    </ul>
  </div>
</div>



  <div id="ajax-error-message" class="ajax-error-message flash flash-error">
    <svg aria-hidden="true" class="octicon octicon-alert" height="16" version="1.1" viewBox="0 0 16 16" width="16"><path fill-rule="evenodd" d="M8.865 1.52c-.18-.31-.51-.5-.87-.5s-.69.19-.87.5L.275 13.5c-.18.31-.18.69 0 1 .19.31.52.5.87.5h13.7c.36 0 .69-.19.86-.5.17-.31.18-.69.01-1L8.865 1.52zM8.995 13h-2v-2h2v2zm0-3h-2V6h2v4z"/></svg>
    <button type="button" class="flash-close js-ajax-error-dismiss" aria-label="Dismiss error">
      <svg aria-hidden="true" class="octicon octicon-x" height="16" version="1.1" viewBox="0 0 12 16" width="12"><path fill-rule="evenodd" d="M7.48 8l3.75 3.75-1.48 1.48L6 9.48l-3.75 3.75-1.48-1.48L4.52 8 .77 4.25l1.48-1.48L6 6.52l3.75-3.75 1.48 1.48z"/></svg>
    </button>
    You can't perform that action at this time.
  </div>


    
    <script crossorigin="anonymous" integrity="sha512-wCiQbNHIz6R9xWhc8kuUtzTjjK5i+8EIORxaoPuh//mQzLYF41CkYAfS7ohddvlSWJN2lcmF+i/4cX8i4FeqEg==" src="https://assets-cdn.github.com/assets/frameworks-c028906cd1c8.js" type="application/javascript"></script>
    
    <script async="async" crossorigin="anonymous" integrity="sha512-QBHB4QZrwVdraILSC/G1q3SehKqgg5NZSQSNbJS1CzQRLvLkO4Hx708hx7GNqywFxLm8SQikINhcMJGLmxwS+A==" src="https://assets-cdn.github.com/assets/github-4011c1e1066b.js" type="application/javascript"></script>
    
    
    
    
  <div class="js-stale-session-flash stale-session-flash flash flash-warn flash-banner d-none">
    <svg aria-hidden="true" class="octicon octicon-alert" height="16" version="1.1" viewBox="0 0 16 16" width="16"><path fill-rule="evenodd" d="M8.865 1.52c-.18-.31-.51-.5-.87-.5s-.69.19-.87.5L.275 13.5c-.18.31-.18.69 0 1 .19.31.52.5.87.5h13.7c.36 0 .69-.19.86-.5.17-.31.18-.69.01-1L8.865 1.52zM8.995 13h-2v-2h2v2zm0-3h-2V6h2v4z"/></svg>
    <span class="signed-in-tab-flash">You signed in with another tab or window. <a href="">Reload</a> to refresh your session.</span>
    <span class="signed-out-tab-flash">You signed out in another tab or window. <a href="">Reload</a> to refresh your session.</span>
  </div>
  <div class="facebox" id="facebox" style="display:none;">
  <div class="facebox-popup">
    <div class="facebox-content" role="dialog" aria-labelledby="facebox-header" aria-describedby="facebox-description">
    </div>
    <button type="button" class="facebox-close js-facebox-close" aria-label="Close modal">
      <svg aria-hidden="true" class="octicon octicon-x" height="16" version="1.1" viewBox="0 0 12 16" width="12"><path fill-rule="evenodd" d="M7.48 8l3.75 3.75-1.48 1.48L6 9.48l-3.75 3.75-1.48-1.48L4.52 8 .77 4.25l1.48-1.48L6 6.52l3.75-3.75 1.48 1.48z"/></svg>
    </button>
  </div>
</div>

  

  </body>
</html>

