% Encoding: UTF-8
@misc{aau_invert_topologies,
  author    = {Kerekes, Tamas},
  title     = {Analysis and Modeling of Transformerless Photovoltaic Inverter Systems},
  note      = {Institut for Energiteknik, Aalborg Universitet},
  year      = {2009}}

@misc{bud_inverter_PV,
  author    = {Stump, Peter},
  title     = {Full Bridge DC/DC and DC/AC Converters, Study of PV Cells},
  note      = {Department of Automation and Applied Informatics, Budapest University of Technology and Economics},
  year      = {2014}}

@misc{rotorstator,
  author    = {J Consulting},
  title     = {SMART MANUFACTURING},
  note      = {Last visited 04-11-2016, \url{http://www.jconsultingonline.com/smart_manufacturing_solutions%20HOME.htm}},
  year      = {2015}}

@misc{genset_how_it_works,
  author    = {Diesel Service and supply},
  title     = {How Generators Work},
  note      = {Last visited 15-11-2016, \url{http://www.dieselserviceandsupply.com/How_Generators_Work.aspx}},
  year      = {2016}}

@misc{picture_reavtive_active,
  author    = {Prachal jadeja},
  title     = {Reactive and Active power},
  note      = {Last visited 15-11-2016, \url{https://www.quora.com/What-is-active-apparent-reactive-Explain-in-brief-with-examples-of-electrical-system}},
  year      = {2015}}

@misc{allaboutcircuits,
  author    = {Allaboutcircuits},
  title     = {True, Reactive, and Apparent Power},
  note      = {Last visited 15-11-2016, \url{http://www.allaboutcircuits.com/textbook/alternating-current/chpt-11/true-reactive-and-apparent-power/}},
  year      = {2015}}

@misc{fig_CAN_V_levels,
  author    = {John Griffith},
  title     = {What do CAN bus signals look like},
  note      = {Last visited 04-12-2016, \url{https://e2e.ti.com/blogs_/b/industrial_strength/archive/2015/06/04/what-do-can-bus-signals-look-like}},
  year      = {2005}}

@misc{fig_CAN_frame,
  author    = {CiA},
  title     = {CAN data link layers in some detail},
  note      = {Last visited 04-12-2016, \url{https://www.can-cia.org/can-knowledge/can/can-data-link-layers/}},
  year      = {2012}}

@misc{fig_CAN_arbitation,
  author    = {icpdas},
  title     = {CAN Bus},
  note      = {Last visited 04-12-2016, \url{http://www.icpdas.com/root/product/solutions/industrial_communication/fieldbus/can_bus/can_intro.html#top}},
  year      = {2012}}

@misc{CAN_singlewire,
  author    = {CiA},
  title     = {SAE j2411 single wire},
  note      = {Last visited 04-12-2016, \url{https://www.can-cia.org/can-knowledge/can/sae-j2411-single-wire/}},
  year      = {2012}}

@misc{CAN_whitepaper_NI,
  author    = {National Instruments},
  title     = {Controller Area Network (CAN) Overview},
  note      = {Last visited 04-12-2016, \url{http://www.ni.com/white-paper/2732/en/}},
  year      = {2014}}
  http://www.ni.com/white-paper/2732/en/

@misc{rotor_stator_pic,
  author    = {J Consulting},
  title     = {Picture of motor shaft, rotor and stator.},
  note      = {Last visited 07-12-2016, \url{http://www.jconsultingonline.com/smart_manufacturing_solutions%20HOME.htm}},
  year      = {2016}}

@misc{dSPACE,
  author    = {dSPACE},
  title     = {DS1103 PPC Controller Board},
  note      = {Last visited 07-12-2016, \url{https://www.dspace.com/en/inc/home/products/hw/singbord/ppcconbo.cfm}},
  year      = {2016}}

@misc{dSPACE2,
  author    = {dSPACE},
  title     = {RTI And RTIMP Implementation Guide, Release 2015-A},
  note      = {},
  year      = {2015}}

@misc{dSPACE_software,
  author    = {dSPACE},
  title     = {Real-Time Interface},
 note      = {Last visited 07-12-2016, \url{https://www.dspace.com/en/pub/home/products/sw/impsw/realtimeinterf.cfm}},
  year      = {2015}}

@conference{Jesper_paper,
  author    = {Jesper Viese  and
               Jan Dimon Bendtsen and
               Palle Andersen and
               Kjeld Madsen and
               Claes Sterregaard},  
  title     = {Control-Oriented First Principles-Based Model of a Diesel Generator},  
  booktitle    = {European Control Conference (ECC)},  
  year      = {2016},  
  pages     = {321-327}}  
@Comment{jabref-meta: databaseType:bibtex;}
