%% This BibTeX bibliography file was created using BibDesk.
%% http://bibdesk.sourceforge.net/

%% Created for Trojass at 2017-03-08 10:08:36 +0100 


%% Saved with string encoding Unicode (UTF-8) 

%%%%%%%%%%%%%%
%% Examples %%
%%%%%%%%%%%%%%

@book{MatrixBook,
	Author = {Kaare Brandt Petersen, Michael Syskind Pedersen},
	Title = {The Matrix Cookbook},
	Year = {2012}}

@article{TowerModel,
	Author = {Maryamsadat Tahavori , Tom N{\o}rgaard Jensen , Carsten Kalles{\o}e , John Leth and Rafael Wisniewski},
	Month = {July},
	Title = {Toward model-based control of non-linear hydraulic networks},
	Year = {2012}}

@inproceedings{feldman2009aspects,
	Author = {Feldman, Mordecai},
	Booktitle = {Proceedings of the 5th IWA Water Loss Reduction Specialist Conference, South Africa},
	Pages = {85--89},
	Title = {Aspects of energy efficiency in water supply systems},
	Year = {2009}}

@misc{appelbaum2002water,
	Author = {Appelbaum, B},
	Publisher = {Report prepared by ICF Consulting for EPRI, Palo Alto, CA: p},
	Title = {Water \& Sustainability (Volume 4): US Electricity Consumption for Water Supply \& Treatment---The Next Half Century},
	Year = {2002}}

@misc{Watts_water,
	Author = {Watts},
	Note = {Last visited 14-02-2017, \url{http://www.watts.com/pages/faq.asp?catId=64&faqId=7}},
	Title = {Water Pressure Regulators Frequently Asked Questions},
	Year = {2002}}

@Inbook{Camacho2007,
author="Camacho, E. F.
and Bordons, C.",
title="Generalized Predictive Control",
bookTitle="Model Predictive control",
year="2007",
publisher="Springer London",
address="London",
pages="47--79",
isbn="978-0-85729-398-5",
doi="10.1007/978-0-85729-398-5_4"
}







%%%%%%%%%%%%%%%%%%%%%%%
%%%% Our references %%%
%%%%%%%%%%%%%%%%%%%%%%%


@misc{Drewry_trade_growth,
	Author = {Drewry},
	Note = {Last visited 13-09-2017, \url{http://www.cargobusinessnews.com/news_releases/Releases/Drewry-Perishable-reefer-trade-growth-to-remain-strong.pdf}},
	Title = {Perishable reefer trade growth to remain strong},
	Month = {September},
	Year = {2016}}

@misc{modes,
	Author = {Hariesh Manaadiar},
	Note = {Last visited 14-09-2017, \url{https://shippingandfreightresource.com/what-is-a-reefer-container-and-how-does-it-work/}},
	Title = {What is a reefer container and how does it work..??},
	Year = {2015}}
	
@misc{refrigerant,
	Author = {airconditioning-systems},
	Note = {Last visited 25-09-2017, \url{http://www.airconditioning-systems.com/R134a.html}},
	Title = {R134a Refrigerant}}
	
@misc{phcycleweb,
	Author = {engineering pro guides},
	Note = {Last visited 25-09-2017, \url{http://www.engproguides.com/rcycle.html},
	Title = {REFRIGERATION CYCLE ON THE P-H DIAGRAM}}}

@misc{maersk_container,
	Author = {Maersk},
	Note = {Last visited 25-09-2017, \url{http://ipaper.ipapercms.dk/MCI/Brochures/MarkQ/}},
	Title = {Mark brochure}}

@misc{Cooling_modes,
	Author = {CMA CGM},
	Note = {Last visited 13-09-2017, \url{https://www.cma-cgm.com/products-services/reefer/containers-fleet}},
	Title = {Reefer containers and technologies}}
	
	
@misc{Container_handbook_power,
	Author = {Container Handbook},
	Note = {Last visited 20-09-2017, \url{http://www.containerhandbuch.de/chb_e/wild/index.html?/chb_e/wild/wild_08_01_02.html}},
	Title = {Technical aspects during transportation}}


@misc{Amount_of_reefers,
	Author = {Mark Bennett},
	Note = {Last visited 20-09-2017, \url{http://coollogisticsresources.com/global/wp-content/uploads/sites/5/2016/10/Mark-Bennett.pdf}},
	Title = {Reefer containers - The increasing scourge of interior corrosion and SO2}}

@misc{Contrain_fleet_grow,
	Author = {Dustin Braden - JOC},
	Note = {Last visited 22-09-2017, \url{https://www.joc.com/maritime-news/container-lines/container-ship-fleet-growth-expected-accelerate-2017_20170103.html}},
	Title = {Container ship fleet growth expected to accelerate in 2017}}


@misc{90_global,
	Author = {American-Danish},
	Note = {Last visited 22-09-2017, \url{http://www.usadk.org/news/denmark-is-the-worlds-fifth-largest-maritime-shipping-nation/}},
	Title = {Denmark is the world’s fifth largest maritime shipping nation}}


@misc{Mechanical_and_thermodynamic_course,
	Author = {Tom Søndergård Pedersen, Palle Andersen},
	Note = {Last visited 25-10-2017, \url{http://moodle.aau.dk}},
	Title = {Control-oriented modeling of thermodynamic systems},
	Year = {2016}}


@Inbook{VanHam2012,
   author = {Van Ham, H. J. C. and van Ham, J. C. and Rijsenbrij, J. C.},
   title = {Development of Containerization},
   booktitle = {Development of Containerization},
   language = {English},
   year = {2012},
   isbn = {1-61499-146-4},
   pages="290",
   url = {http://sfx.aub.aau.dk/sfxaub?sid=google&auinit=HJC&aulast=Van+Ham&title=Development+of+Containerization:+Success+Through+Vision,+Drive+and+Technology&genre=book&isbn=1614991464&date=2012}
}

@misc{fig_maersk_ship,
	Author = {Supply Chain DIVE},
	Note = {Last visited 29-09-2017, \url{http://www.supplychaindive.com/news/maersk-cold-chain-pharma-visibility-produce/445842/}}}

@misc{fig_air_container,
	Author = {Pacificinternational lines},
	Note = {Last visited 29-09-2017, \url{https://www.pilship.com/data/images/shgui019-rf_cgcare24.gif}}}

@misc{fig_star_cool,
	Author = {OFE Refrigerated tansport},
	Note = {Last visited 29-09-2017, \url{http://oferefrigerated.blogspot.dk/2015/02/how-refrigerated-shipping-containers-have-boosted-food-market.html}}}


@misc{fig_frosen_chilled_mode,
	Author = {Shipping and freight resource},
	Note = {Last visited 29-09-2017, \url{https://shippingandfreightresource.com/what-is-a-reefer-container-and-how-does-it-work/}}}

@misc{mode_reefer_ref,
	Author = {CMA CGM},
	Note = {Last visited 09-10-2017, \url{https://www.cma-cgm.com/products-services/reefer/containers-fleet}}}

	
	@misc{mode_reefer_ref_cold_treatment,
	Author = {CMA CGM},
	Note = {Last visited 09-10-2017, \url{https://www.maerskline.com/en/shipping/refrigerated-cargo/fruit-and-vegetables}}}

	
		@misc{mode_reefer_ref_other_treatment,
	Author = {CMA CGM},
	Note = {Last visited 09-10-2017, \url{https://www.mcicontainers.com/products/star-cool/star-cool-integrated}}}

@article{Sorensen2015,
   author = {Sorensen},
   title = {Modular modeling of a refrigeration container},
   language = {English},
   year = {2015},
   issn = {0140-7007},
   volume = {55},
   pages = {17--},
   url = {http://sfx.aub.aau.dk/sfxaub?ctx\%5fenc=info:ofi/enc:UTF-8&ctx\%5ftim=2017-10-16T13:22:27IST&ctx\%5fver=Z39.88-2004&req.language=dan&rfr\%5fid=info:sid/primo.exlibrisgroup.com:primo3-Article-gale\%5fofa&rft.artnum=&rft.atitle=Modular+modeling+of+a+refrigeration+container&rft.au=Sorensen,+Kresten+K.&rft.aucorp=&rft.auinit=&rft.auinit1=&rft.auinitm=&rft.aulast=Sorensen&rft.ausuffix=&rft.btitle=&rft.coden=&rft.date=20150701&rft.eisbn=&rft.eissn=&rft.epage=&rft.genre=article&rft.isbn=&rft.issn=0140-7007&rft.issue=&rft.jtitle=International+Journal+of+Refrigeration&rft.object\%5fid=&rft.pages=&rft.part=&rft.quarter=&rft.sici=&rft.spage=17&rft.ssn=&rft.volume=55&rft\%5fdat=<gale\%5fofa>421483798</gale\%5fofa><grp\%5fid>-8709190377152068164</grp\%5fid><oa></oa><url></url>&rft\%5fid=info:doi/&rft\%5fid=info:oai/>&rft\%5fval\%5ffmt=info:ofi/fmt:kev:mtx:journal&svc.fulltext=yes&svc.holdings=yes&svc\%5fval\%5ffmt=info:ofi/fmt:kev:mtx:sch\%5fsvc&url\%5fctx\%5ffmt=info:ofi/fmt:kev:mtx:ctx&url\%5fver=Z39.88-2004&vid=main}
}


@article{li2015development,
  title={Development of a variable speed compressor power model for single-stage packaged DX rooftop units},
  author={Li, Yunhua and Liu, Mingsheng and Lau, Josephine},
  journal={Applied Thermal Engineering},
  volume={78},
  pages={110--117},
  year={2015},
  publisher={Elsevier}
}

@misc{isentropic_index,
	Author = {Engineeringtoolbox},
	Note = {Last visited 13-11-2017, \url{https://www.engineeringtoolbox.com/specific-heat-ratio-d_608.html}},
	Title = {Ratios of specific heat of gases},
	Year = {Unknown}}

@misc{r134a_thermo_prop_si,
	Author = {DuPont},
	Note = {Last visited 13-11-2017, \url{http://www.pfri.uniri.hr/~pkralj/R134a_thermo_prop_si.pdf}},
	Title = {Thermodynamic properties of HFC-134a},
	Year = {2004}}


@article{kole1994respiration,
  title={Respiration rate and heat of respiration of some fruits under controlled atmosphere conditions},
  author={Kole, NK and Prasad, Suresh},
  journal={International journal of refrigeration},
  volume={17},
  number={3},
  pages={199--204},
  year={1994},
  publisher={Elsevier}
}


@misc{Icontainers_20foot,
	Author = {Icontainers},
	Note = {Last visited 12-12-2017, \url{https://www.icontainers.com/what-fits-20-foot-container/}},
	Title = {What Fits in a 20 Foot Shipping Container}}

@misc{Banana_weight,
	Author = {Reference},
	Note = {Last visited 12-12-2017, \url{https://www.reference.com/food/much-average-banana-weigh-2c327d1ee5da2aca}},
	Title = {How much does the average banana weigh?}}

@misc{Banana_Temperature,
	Author = {BMT Surveys},
	Note = {Last visited 12-12-2017, \url{http://www.cargohandbook.com/index.php/Bananas}},
	Title = {Bananas}}	

@misc{Kalman_filter_matlab,
	Author = {Mathworks},
	Note = {Last visited 17-12-2017, \url{https://se.mathworks.com/help/control/ref/kalman.html?s_tid=srchtitle}},
	Title = {Kalman filter design, Kalman estimator}}	

@misc{lqry_matlab,
	Author = {Mathworks},
	Note = {Last visited 17-12-2017, \url{https://se.mathworks.com/help/control/ref/lqry.html?searchHighlight=Lqry&s_tid=doc_srchtitle}},
	Title = {Form linear-quadtratic (LQ) state-feedback regulator with output weighing}}	

@book{sorensen2015model,
  title={Model based control of reefer container systems},
  author={S{\o}rensen, Kresten Kj{\ae}r},
  year={2015},
  publisher={Department of Electronic Systems, Aalborg University}
}


@article{sorensen2015modular,
  title={Modular modeling of a refrigeration container},
  author={S{\o}rensen, Kresten K and Skovrup, Morten Juel and Jessen, Lars M and Stoustrup, Jakob},
  journal={International Journal of Refrigeration},
  volume={55},
  pages={17--29},
  year={2015},
  publisher={Elsevier}
}

@article{jedermann2013sea,
  title={Sea transport of bananas in containers--Parameter identification for a temperature model},
  author={Jedermann, Reiner and Geyer, Martin and Praeger, Ulrike and Lang, Walter},
  journal={Journal of Food Engineering},
  volume={115},
  number={3},
  pages={330--338},
  year={2013},
  publisher={Elsevier}
}







